1928 3510
161 147 216 212 De
229 143 348 211 Plantis
364 140 402 213 &⁰
419 141 631 215 Animalibus.
658 141 700 215 C.
718 143 747 217 I.
819 170 867 238 17

66 240 125 302 bus
140 241 270 324 ingentes
284 240 384 319 timae,
405 237 571 303 secundum
587 241 684 301 trunci
700 242 861 324 longitudi-

68 341 160 399 nem,
181 324 365 402 reperiantur.
398 320 538 386 Similiter
553 327 603 385 a'e'r
619 321 864 402 quemTracheae

69 406 230 483 claudunt,
251 403 332 466 varie
345 406 488 467 afficiatur
500 402 613 467 neceffe
623 403 663 466 est
679 451 688 483 ,
716 424 770 484 pro
785 421 872 470 tem--

68 487 211 567 pestatum
226 488 363 552 varietate
378 508 389 564 3
417 486 482 550 imb
504 486 577 549 vero
600 506 654 566 pro
670 491 860 569 mutatione,

68 591 133 651 quae
149 573 262 634 vicibus
280 568 376 632 nodis
390 568 420 632 ὅ(
434 570 492 633 diei
508 572 539 632 in
553 571 620 632 ae‘re
641 584 762 632 externo
785 591 865 634 crea·

67 668 125 716 tur.
167 652 440 734 Quemadmodum
454 655 545 714 etiam
561 655 594 714 in
608 653 798 716 Animalibus
819 655 865 717 di-

67 738 169 798 latatio
192 736 222 798 da
244 733 419 813 compreffio
440 738 627 815 pulmonum
645 735 805 798 inserviunt
825 736 863 799 ad

67 818 285 899 impellendum
293 819 324 879 in
332 817 864 899 vasalatteachylum,aliosquesuc-

67 921 118 965 cos
133 921 184 982 per
199 901 305 964 futtilia
319 899 388 962 vasa
410 919 417 963 :
445 901 485 963 fic
502 903 533 963 in
547 899 673 979 Plautia,
693 901 863 964 dilatatione

66 979 273 1048 Ttacbearum
290 984 395 1067 lignea
406 983 749 1062 fibraecomprimnntur,
770 999 803 1046 ut
812 1004 865 1046 ne-

68 1064 143 1131 celse
156 1067 189 1132 sat
203 1086 253 1130 eas
265 1067 394 1132 succum
409 1073 607 1150 quo'turgent
625 1067 657 1128 in
674 1067 787 1128 vicinas
800 1084 865 1144 pat-

66 1163 110 1214 tes
130 1151 264 1214 emittere
280 1170 290 1227 ;
318 1147 509 1212 contrivero
525 1146 732 1213 'l'rachearum
748 1162 867 1212 contra-

68 1231 186 1312 &ione,
211 1231 562 1311 aliavasalaxiorafiunt,
576 1231 865 1295 &novumsuccum

68 1315 226 1379 admittere
243 1312 369 1392 possunt.
392 1313 867 1395 Succoautemperpetubimple-

68 1399 93 1465 ri
109 1395 179 1460 vasa
191 1394 380 1477 Plantarum,
398 1402 446 1461 vel
462 1397 532 1461 inde
548 1398 639 1476 liquet
655 1416 664 1472 ;
685 1396 769 1476 quod
786 1398 807 1460 fi
823 1399 867 1460 vi-

68 1479 130 1544 ride
141 1480 260 1564 lignum
273 1481 485 1561 incendanus,
505 1497 649 1563 magnam
656 1497 738 1558 aquae
747 1481 868 1556 copiam

68 1582 104 1626 ex
118 1581 159 1627 eo
170 1564 260 1627 luere
277 1579 442 1628 cernamua

90 1692 96 1699 .
115 1658 165 1722 32.
184 1644 271 1707 VII.
291 1644 399 1709 Praeter
414 1647 501 1710 fibras
517 1649 647 1732 ligneas,
668 1642 866 1724 trachelsque,

72 1725 304 1793 &hotizontales
312 1730 474 1809 utriculos,
493 1728 621 1792 diximus
637 1728 722 1790 variis
739 1730 770 1791 in
778 1724 868 1790 Plan-

71 1810 109 1872 tis
134 1811 214 1872 cerni
233 1809 300 1888 uasa
313 1813 495 1891 peculiaria,
526 1809 623 1875 laeteo
639 1811 789 1889 hunore,
817 1823 885 1874 autu

68 1892 160 1958 etiam
174 1893 341 1974 bitumine,
361 1896 412 1957 vel
428 1895 574 1974 quopiam
591 1895 651 1958 alio
664 1893 758 1957 succo
771 1894 867 1972 plena

69 1973 244 2040 Cemuntur
267 1976 392 2056 quidem
405 1975 547 2040 facillime
563 1997 599 2040 ea
611 1975 679 2038 vasa
692 1976 724 2037 in
739 1973 868 2055 Plantis,

69 2077 136 2139 quo
150 2057 300 2138 ejusmodi
316 2061 362 2120 lac
379 2072 430 2121 aut
444 2059 569 2122 refinam
587 2059 709 2139 ejiciunt
727 2077 737 2133 ;
767 2057 817 2120 sed
835 2060 869 2119 in

70 2143 131 2204 aliis
146 2139 267 2205 summi
284 2143 424 2204 tenuitate
439 2143 473 2203 fit
489 2156 522 2204 ut
540 2144 617 2207 cerni
632 2152 797 2217 nequeant,
818 2139 869 2200 uili
951 2158 955 2167 ·

71 2221 148 2285 forte
173 2225 304 2302 liquores
329 2243 406 2303 quos
423 2225 562 2288 emittunt
582 2227 684 2288 colore
698 2222 801 2300 aliquo
817 2218 871 2283 sint
938 2280 942 2287 .

73 2305 163 2378 tiocli.
184 2304 269 2368 cum
284 2319 386 2372 tamen
402 2309 476 2374 inter
494 2325 621 2386 corpora
634 2302 767 2386 ejusdem
782 2321 871 2388 gene-

72 2390 127 2467 ris,
147 2388 302 2451 videamus
310 2387 870 2471 sempereffequamdamAnalogiatn3

71 2471 210 2534 videntur
225 2471 270 2531 hae
285 2469 413 2550 Plantae,
434 2492 500 2539 non
515 2470 613 2536 minus
630 2491 665 2533 ac
682 2472 760 2546 aliae,
781 2486 871 2546 pecu-

73 2555 155 2617 liaria
168 2553 273 2616 babere
285 2553 369 2632 vasa,
390 2558 496 2634 quibus
515 2551 869 2616 contineturalimentum

74 2634 189 2712 optime
214 2634 400 2700 concodum
429 2639 459 2702 da
488 2632 618 2702 maxime
647 2633 680 2695 iis
707 2632 876 2712 proprium..

74 2715 162 2780 Cum
169 2717 192 2779 is
199 2716 304 2780 succus
313 2718 345 2780 fit
354 2718 487 2796 craffior,
508 2712 722 2780 &concollior
735 2715 869 2796 telique,

73 2819 141 2864 non
155 2799 278 2864 absurde
297 2801 452 2872 credideris·
470 2802 616 2885 peculiam
630 2795 872 2884 eumeffestngu·

74 2887 175 2947 latum
189 2887 359 2961 plantarum
378 2887 565 2955 alimentum.
595 2883 645 2950 sic
660 2880 824 2963 inAbiete,
844 2881 875 2944 de

74 2963 292 3037 Terebinthina
300 2964 800 3059 cruloiaeoncoaioresttuceo,
821 2964 880 3113 qtlssil
952 2959 955 2967 “
