1928 3510
157 203 213 269 'De
226 203 358 297 Corpore
373 200 405 266 in
420 204 557 268 Cerere.
571 197 626 270 ·''C.
638 198 732 276 XV.
784 223 848 303 3'33

48 299 93 361 'in
117 298 215 377 tubo,
249 295 335 377 cujus
357 293 477 357 inferior
503 295 667 357 extremitas
689 299 720 359 in
742 319 852 380 aquam

62 380 200 443 immersa
216 378 276 441 est.
317 375 378 441 Sed
406 378 491 441 debet
521 397 598 457 aqua
625 379 691 439 a‘e're
711 385 851 463 purgari,

49 460 147 542 =quod
162 463 196 525 fit
218 460 240 523 st
261 461 314 524 diu
338 462 525 523 contineatur
538 463 614 523 intra
627 458 852 528 Pueumaticam

60 542 259 620 Machinam3
279 556 313 605 ut
320 543 507 606 aerisomnes
524 544 619 607 bullas
627 556 766 623 evomat,
786 563 852 624 que

60 625 162 705 postea
184 626 401 688 exhauriuntur.
439 624 523 689 Hinc
538 639 640 688 autem
655 639 773 706 apparet
788 645 853 706 par=

61 709 183 790 nenias,
203 727 334 788 quarum
347 704 491 786 preffione
507 707 643 789 suspensa
658 709 745 771 haeret
758 727 852 790 aqua,

61 790 92 853 dt
108 809 175 871 quae
193 790 317 868 proinde
331 807 434 873 graves
454 790 548 871 sunt,
575 791 739 854 subtiliores
762 793 853 854 aereis

60 870 135 950 effe,
157 871 241 951 quod
255 886 407 952 permeent
421 873 550 952 vitrum,
569 874 622 954 qui
637 875 853 953 adrepermeari

60 956 171 1035 nequit.
214 953 351 1018 Indidem
364 957 505 1038 colligere
518 954 558 1018 est
572 974 620 1018 eas
634 953 692 1018 elle
706 955 867 1020 craffioresf

10 1049 12 1055 '
49 1037 210 1118 ‚particulis
225 1038 354 1101 materia
369 1038 482 1117 fluidae,
502 1057 568 1119 quae
575 1039 747 1121 gravitatem
757 1053 852 1118 creat·;

59 1121 172 1201 alioqui
186 1132 310 1183 motum
317 1118 380 1200 ejus
387 1119 594 1201 sequerentur,
611 1140 647 1183 ac
656 1122 780 1199 proinde
786 1140 853 1204 gra·

49 1219 192 1265 ues‘non
212 1199 311 1267 essent.
352 1201 455 1282 Itaque
477 1200 595 1280 possunt
623 1201 680 1266 effe
702 1204 780 1266 circa
794 1223 851 1267 nos

49 1284 290 1362 =variacorpora„
311 1285 567 1363 variaeteuuitatis,
581 1283 853 1367 quaeobstantquo·

59 1369 161 1431 minus
171 1364 327 1445 pulvisculi
334 1365 365 1426 iu
380 1365 446 1426 a'e're
459 1367 615 1426 volitantes
631 1369 662 1428 in
678 1381 787 1432 terram
801 1370 853 1432 de·

48 1449 242 1531 aprimantur,
274 1448 377 1511 autin
386 1447 492 1511 orbem
506 1459 629 1527 agantur
645 1465 719 1510 cum
730 1454 852 1514 materia

62 1527 237 1595 tenuiffima.
336 1532 341 1542 ’
514 1529 516 1535 ’

104 1629 152 1691 17.
172 1611 238 1677 III.
252 1652 255 1656 Δ
271 1610 416 1678 Attamen
431 1609 656 1677 difficillimum
677 1611 718 1675 est
738 1612 852 1677 intelle-

49 1691 113 1759 ..uu
131 1714 194 1776 quo
208 1695 395 1761 modotetta
408 1693 695 1776 magnirapiditate,
715 1697 790 1759 intra
805 1699 852 1759 vi-

47 1777 133 1862 ,ginti
146 1791 275 1858 quatuor
287 1777 390 1856 horae,
419 1778 496 1840 oirca
516 1775 706 1840 mansuum
722 1779 852 1841 circum-

60 1857 125 1934 πᾶα
140 1907 151 1939 ,
169 1860 273 1923 secum
288 1860 320 1922 in
334 1859 474 1923 eamdem
487 1872 625 1939 partem,
647 1860 706 1923 hoc
722 1858 785 1941 est,
814 1864 851 1924 ab

47 1941 169 2012 ‚occasu
183 1943 216 2005 in
229 1954 349 2022 ortum,
378 1945 532 2006 materiam
552 1941 675 2008 fluidam
695 1943 852 2025 circumja-

61 2037 181 2087 centem
206 2042 271 2086 uon
292 2027 407 2104 rapiat;
440 2027 479 2086 ita
500 2037 533 2085 ut
555 2043 590 2086 ea
610 2026 732 2088 materia
754 2025 851 2106 potiris

60 2107 140 2170 circa
151 2124 241 2170 axem
261 2120 358 2185 terrae,
379 2103 472 2186 quiin
481 2107 559 2166 circa
566 2104 628 2184 ejus
637 2120 774 2173 centrum
782 2127 852 2169 mo

59 2201 187 2270 veatur„
223 2189 326 2257 contri
354 2187 447 2268 quim
483 2186 613 2250 statuunt
639 2191 733 2249 allata
759 2190 868 2270 hypo·

61 2271 318 2351 theseospatroui.
359 2270 393 2334 Si
418 2283 522 2333 autem
542 2269 739 2332 concederent
758 2283 852 2333 mate·

59 2354 136 2419 tiam
161 2355 238 2417 circa
255 2352 511 2431 terramrposrtam
528 2364 656 2416 motum
674 2352 738 2433 ejus
752 2352 850 2433 sequi,

59 2436 130 2501 inde
157 2436 345 2518 colligeretur
373 2453 498 2513 corpora
525 2437 623 2519 grauia
650 2455 715 2498 non
745 2436 850 2499 debere

59 2533 199 2582 centrum
228 2532 310 2582 terrae
333 2517 466 2580 cadentia
485 2533 600 2597 petere„
641 2532 692 2581 aut
720 2519 850 2596 circiter,

57 2601 144 2682 quod
162 2615 264 2664 tamen
274 2597 456 2680 experientia
477 2599 589 2662 constat
596 2620 615 2677 ,ς
642 2599 693 2663 sed
714 2614 851 2663 centrum

58 2680 163 2747 motis
179 2683 222 2746 sui
238 2685 315 2747 circa
330 2697 411 2746 terrae
418 2700 522 2760 axem,
542 2681 668 2761 hocest,
688 2683 768 2745 varia
774 2700 851 2762 pun-

51 2763 107 2830 &a
120 2769 179 2829 axis
194 2779 284 2828 terrae.
323 2765 407 2830 Huic
433 2763 593 2847 objeeuoni
606 2764 680 2845 quid
693 2764 851 2844 responde·

49 2847 83 2911 ri
97 2860 186 2928 queat
202 2866 258 2910 nos
273 2867 338 2910 non
352 2849 512 2932 intelligere
526 2848 673 2929 fatemur,
694 2862 727 2910 ut
737 2846 804 2928 jam
819 2869 851 2911 a·

57 2930 111 2993 libi
125 2930 295 3012 innuimus,
313 2927 851 3015 ubideVotticibusPlanetarumegi-

51 3029 139 3085 m
709 3092 758 3160 18.
777 3088 853 3156 Cer·
