1928 3510
111 137 183 205 166
229 125 557 198 P'nvs1cm
604 119 805 198 [ΑΒΝ.

153 239 203 304 13.
225 218 278 284 Ad
288 220 443 286 Somnum
459 221 603 300 pertinent
616 219 750 298 Somnia,
770 226 839 302 q'uae
851 220 909 287 ὠ·-

108 304 149 367 hil
161 303 230 367 sunt
240 318 346 385 preter
366 304 503 368 confitsat
524 303 669 384 quasdam
683 300 801 366 Mentis
816 304 899 389 cogi·

100 388 257 466 tationes,
284 407 319 450 ex
354 385 509 449 occaslone
535 396 691 450 motuum·
705 382 835 450 Cerebri‘
848 405 899 451 or·

101 482 161 533 tas„
204 467 289 533 cum
309 488 432 532 onmes-
449 467 554 532 nostrae‘
582 469 775 552 cogitationes
799 469 900 533 otian-

102 566 158 616 tur
178 565 228 615 aut
243 570 284 614 ex
298 551 441 632 objectis,
468 571 536 632 quae
556 551 683 615 sensibus
703 551 741 614 ad
760 552 901 615 animum

109 634 248 700 nostrum
267 634 468 714 adpulerunt,
494 645 546 698 aut
573 653 608 697 ex
628 634 822 698 meditatione
843 653 900 697 no-

104 717 182 798 stri,
203 717 327 798 duplicis
336 717 455 799 -generis
469 714 589 796 possunt
604 713 660 780 esse
673 715 800 780 sonmia
841 715 901 782 Sed

103 801 215 865 omnia
248 819 284 862 ex
314 798 438 863 Cerebri
470 797 602 864 motibus
630 806 733 863 ortum
760 798 916 878 ducunt,

110 901 184 946 nam
197 882 249 944 seu
263 881 391 944 senfibus
406 880 506 944 ideam
520 880 741 958 admiserimus,
767 879 819 943 seu
833 899 901 943 me·

110 963 233 1027 ditando
260 981 329 1026 eam
355 962 557 1046 finxerimus,
597 980 767 1042 numquam
793 963 900 1025 animo

106 1045 213 1109 nostro
230 1043 402 1108 obversatur
421 1092 431 1125 ,
467 1049 544 1128 quin
560 1056 790 1109 conunovearur
809 1043 902 1108 Cere·

108 1131 226 1206 brum3
264 1128 344 1191 unde
365 1129 398 1190 fit
419 1140 453 1191 ut
474 1127 746 1210 quotiescunque,
779 1126 834 1191 aiii
861 1127 915 1189 dc·

110 1210 218 1289 causi,
238 1210 349 1274 eodem
363 1211 461 1274 modo
477 1225 616 1275 movetur
631 1208 827 1290 Cerebrum,
847 1227 901 1271 ea·

111 1292 184 1356 dem
209 1290 311 1356 Menti
339 1292 369 1357 se
395 1293 426 1358 se
441 1295 556 1379 ‘ingerat
576 1294 649 1359 idea
690 1290 782 1357 Dum
800 1303 902 1356 autern

112 1374 301 1457 dormimus,
330 1396 394 1458 quo
406 1391 541 1458 tempore
555 1375 748 1442 Mens'nulli
763 1374 902 1455 peculiari

110 1463 268 1522 voluntate
294 1458 407 1544 spiritur
434 1462 466 1523 in
492 1461 588 1523 ullam
617 1456 761 1535 Corporis
787 1462 903 1534 partem

114 1543 220 1622 mittit,
241 1540 327 1606 facile
335 1543 368 1604 fit
385 1554 418 1602 ut
432 1535 522 1603 libere
536 1556 587 1617 pet
603 1557 711 1602 nervos
726 1555 904 1601 commean-

113 1637 158 1687 tes
174 1671 184 1701 ,
218 1627 258 1686 ita
273 1623 439 1686 Cerebrum
449 1633 596 1685 moveant
609 1669 620 1702 ,
647 1636 682 1684 ut
697 1619 771 1684 solet
786 1619 903 1682 moveri

110 1705 299 1784 presentibus
314 1702 455 1784 objectis,
486 1717 538 1769 aut
552 1701 625 1767 cum
637 1704 678 1768 de
692 1705 725 1766 iis
739 1703 904 1766 absentibus

116 1786 304 1865 cogitamus3
340 1792 404 1863 quo
427 1800 515 1847 motu
536 1788 688 1862 excitato,
716 1787 798 1846 illico
820 1785 906 1862 obje-

108 1863 179 1942 oa,
200 1882 266 1959 quar
280 1866 415 1925 comitari
430 1865 521 1941 solet,
540 1861 643 1925 Menti
662 1865 693 1925 se
712 1864 742 1924 se
761 1861 901 1949 offerunt.

116 1944 260 2007 Ceterum
273 1963 328 2024 pto
343 1941 445 2006 motus
461 1945 616 2022 spirituum
631 1942 833 2023 vehementia,
853 1958 905 2008 aut

112 2028 278 2106 debilitate,
293 2024 880 2107 objectavividiorasunt,autobscuriora.

65 2138 67 2142 ·
160 2128 207 2194 ¹4·
228 2107 312 2174 Cum
332 2113 439 2174 interea
461 2107 555 2173 Mens
574 2111 692 2172 nullam
711 2110 908 2174 attentionem

112 2193 249 2258 adhibeat
277 2193 314 2256 ad
329 2193 484 2278 digerenda
504 2189 643 2270 objecia,
684 2193 776 2272 etque
798 2191 908 2255 diutius

119 2275 366 2355 contemplanda,
385 2273 571 2352 variafimul,
593 2273 681 2337 mistis
690 2276 838 2353 motibus,
859 2294 910 2338 en·

118 2358 268 2435 citantur,
297 2356 326 2418 ‘&
347 2356 444 2421 subito
464 2356 652 2420 evanescunt.
695 2356 815 2420 Volunt
834 2355 911 2440 Phy-

120 2439 169 2504 srci
183 2439 359 2502 recentiores
376 2438 493 2522 objecta
513 2460 579 2522 quoe
591 2438 794 2503 vehementius
811 2460 821 2517 ;
858 2456 910 2505 aut

119 2522 220 2604 sepitis
243 2519 408 2587 Cerebrum
429 2525 564 2588 nostrum
587 2535 843 2602 commoverunt,
877 2525 909 2586 in

120 2625 159 2669 eo
180 2605 297 2688 vestigia
317 2608 455 2686 quaedam
483 2610 646 2685 relinquere
669 2626 679 2681 ;
716 2605 768 2670 seu
794 2605 909 2686 spiritus

120 2689 263 2751 animales
287 2686 360 2752 cum
388 2692 541 2770 aliquoties
569 2705 620 2765 pet
641 2702 733 2752 certas
753 2688 838 2750 fibras
859 2685 910 2747 de·

123 2782 340 2848 cucurrerunt,
376 2789 426 2848 per
449 2791 496 2833 eas
520 2767 633 2833 facilius
654 2769 752 2849 postea
771 2766 908 2847 transtre,

123 2844 207 2924 quod
234 2862 337 2925 apertae
366 2866 513 2913 maneant.
551 2850 635 2912 Hinc
662 2853 724 2915 fieri
749 2849 910 2912 existimant

124 2941 158 2991 ut
170 2927 214 2992 de
234 2931 267 2993 iis
288 2948 353 3011 que
374 2931 502 2999 sensuus
532 2933 819 3011 anfmrdvenimus,
860 2944 913 3025 aut

150 3062 154 3067 .
847 3029 911 3076 atu-
