1928 3510
120 162 171 235 94
234 135 318 208 Pn
344 154 562 217 usion
604 131 705 207 Ltn.
739 126 810 209 Vl.
920 134 923 139 ’

115 234 162 299 eii
176 231 388 315 'mterpofitus,
409 250 473 315 quo
483 272 499 310 -,
524 250 585 295 ceu
600 233 706 312 pariete
722 231 914 318 intergerino,

74 362 80 369 -
120 336 159 381 ne
172 318 269 383 attrita
284 337 357 381 cum
367 317 487 400 integris
504 313 756 381 commisceantur
762 316 915 395 provisum

113 399 170 475 cst.
214 401 372 467 Fibrarum
385 401 476 463 etiam
498 397 653 478 dispofitio
661 397 787 463 ostendit
805 399 916 466 ostium

119 482 224 566 Pylori
239 504 304 549 non
318 484 433 563 semper
448 479 574 546 dduuis
588 481 724 545 faucibus
731 495 847 563 patere3
865 482 915 547 sed

115 566 309 651 aliquantum
325 568 478 631 dumtaxat
491 564 636 646 dehiscit,
664 585 704 632 ne
720 570 769 629 vel
785 565 914 630 ninnurn

117 668 187 800 'grigi
177 655 307 800 affilas
314 651 485 764 delabatur,
500 649 642 732 velquod
648 651 790 737 nondrnn
799 648 914 714 satisell

136 756 156 799 u
281 781 289 796 0
743 776 750 786 .
797 776 802 787 r

163 837 213 901 39.
235 816 318 879 cum
333 835 384 895 per
397 812 554 880 ventriculi
566 828 660 893 partes
676 805 915 891 sparseritNatu-

119 919 157 961 rae
173 898 282 977 Opifex
305 917 395 960 venas
416 946 425 978 ,
453 897 570 959 arterias
589 895 743 958 &nervos
764 942 774 973 ,
802 898 914 961 horum

120 980 190 1044 usus
207 981 363 1061 quaeritin,
384 998 447 1043 non
455 979 507 1058 qui
517 979 689 1041 cormnunis
698 975 739 1040 est
756 997 830 1041 cum
845 983 913 1043 reli-

120 1067 185 1147 quis
199 1064 332 1126 animalis
354 1062 517 1138 membris,
536 1060 587 1124 sed
602 1062 770 1124 ventriculo
786 1060 914 1146 singula-

124 1150 173 1209 ris.
213 1146 392 1208 Ventriculo
407 1141 913 1224 venae&arteriaealimenttnnprae—

119 1230 190 1291 bent
207 1226 380 1309 copiosum,
401 1229 463 1292 fieri
477 1227 561 1292 enim
575 1231 677 1310 nequit
685 1229 759 1310 quin
768 1242 910 1308 perpetuo

114 1324 206 1374 motu
228 1309 363 1374 multum
385 1311 548 1376 substantiae
568 1310 627 1375 sua
648 1314 790 1391 amittat,
818 1331 912 1393 quam

113 1395 242 1474 proinde
264 1408 381 1476 oportet
400 1394 543 1476 perpetuo
565 1400 696 1476 reparari.
739 1392 836 1458 Nervi
857 1395 913 1474 spi·

118 1479 220 1543 ritibus
241 1480 379 1544 videntur
402 1483 525 1558 implere
545 1478 634 1541 fibras
648 1480 828 1557 ventriculi,
850 1478 912 1540 eis·

116 1582 178 1641 que
193 1566 287 1648 magis
303 1562 468 1639 intendere,
490 1573 559 1623 tum
572 1563 662 1625 etiam
680 1558 822 1641 perpetuo
841 1580 911 1624 mo-

117 1662 194 1705 vere.

159 1739 212 1805 40.
233 1725 309 1787 Haec
316 1724 500 1804 potiffirntim
514 1725 667 1812 singularia
674 1727 826 1792 observata
833 1727 910 1808 sunt,

118 1808 148 1868 in
164 1806 355 1869 Gallinariam
374 1811 565 1884 ventrienl03
587 1811 673 1889 cujus
695 1812 837 1872 fabricam
857 1809 909 1888 qui

117 1891 226 1969 novit,
255 1889 343 1951 lim'ul
365 1891 499 1972 intelligit
519 1889 740 1967 dispofitionem
760 1894 909 1953 ventricu-

115 1976 220 2034 lormn
240 1973 330 2034 totius
350 1974 503 2056 gallinacei
523 1974 616 2055 gregis
636 2019 645 2051 ,
665 1966 908 2055 Meleagridum,

114 2055 199 2126 idem
209 2054 362 2133 Atratum,
382 2055 593 2134 Anseri‘nnque
607 2054 855 2133 domesticarum,
877 2056 907 2118 dt

116 2138 301 2221 sylvestrium
317 2186 326 2219 ,
355 2139 387 2201 in
402 2157 535 2219 quorum
548 2136 705 2200 stomachis
720 2137 825 2199 similia
846 2157 908 2200 cer-

114 2237 237 2285 nuntur.

157 2324 208 2386 41.
229 2305 323 2366 Renes
345 2306 361 2340 *
381 2301 622 2383 Columbarum,
642 2304 794 2400 diligenter
815 2303 910 2384 inspe-

114 2385 156 2451 sti
185 2434 194 2467 ,
236 2387 402 2466 deprehensi
430 2385 497 2451 sunt
526 2386 657 2449 constare
686 2388 791 2471 singuli
816 2390 908 2451 tribus

116 2471 264 2557 glandulis
279 2471 431 2549 rotundis,
452 2469 619 2534 secundini
628 2471 848 2555 longitudinem
863 2474 907 2533 in'-

115 2572 160 2619 ter
175 2556 204 2618 se
222 2553 408 2634 conjundiis3
428 2575 478 2635 per
492 2573 620 2634 quarum
634 2553 906 2633 entirnamsuperfi·

117 2642 195 2702 ciem
210 2637 318 2703 dusius
332 2640 439 2718 fertur,
459 2639 510 2717 qui
525 2640 556 2699 in
571 2636 699 2700 intestini
714 2634 802 2699 Reor
816 2651 907 2699 extre—

115 2740 167 2783 ma
183 2723 307 2799 definit,
329 2726 428 2800 eoque
450 2719 530 2779 vehit
550 2721 654 2781 album
675 2721 855 2800 quoddam,
874 2717 904 2778 ἃ

115 2802 363 2880 liquidiusculum
390 2813 613 2864 excrementum
636 2823 645 2879 ;
672 2804 756 2883 quod
772 2797 904 2863 mistum

116 2882 297 2947 crassioribus
312 2885 528 2968 purgamentis,
549 2902 599 2963 per
615 2885 788 2950 intestinum
800 2879 837 3024 cil)
853 2881 905 2943 de-

836 2967 888 3027 atis

211 3062 228 3097 *ὅ
241 3057 310 3106 vlnus
316 3056 405 3110 domith.
414 3056 436 3104 in
442 3061 545 3107 annuntia
552 3057 657 3112 Columba.
897 3010 907 3044 ,
