1928 3510
172 76 711 199 Decotp'ore'intienere.C.VlII.
768 124 837 198 24¹

245 276 279 350 C
303 301 330 350 A
357 303 379 351 Ρ
403 306 428 353 u
455 305 480 352 't'
526 278 655 355 VIII.

52 405 107 474 De
122 386 218 473 Lucis
231 396 424 492 Rrflexione,
452 397 707 488 Transmifflone,
731 396 846 493 &Ray

164 497 336 590 stabilem,
356 491 600 599 ¹Corporibtfispu
607 500 728 597 Opm's

176 642 181 648 ·
316 593 365 666 »ά
375 594 562 666 Pellucidt's.
635 686 638 691 ἱ

53 788 81 837 s.
101 775 124 839 Ι.
216 768 708 855 UandoLux'incidit'incotpus,
730 780 847 854 percu?

223 857 278 938 jux
289 869 437 954 texturam
452 856 479 918 ei
495 874 559 919 non
573 857 642 919 licet
648 856 768 954 ulterius
774 877 846 940 pro·

53 939 845 1102 ffifflffifflfflffidggffi

54 1106 123 1168 dire.
166 1103 439 1186 Quemadmodum
465 1117 568 1167 autem
593 1104 784 1168 observamus
812 1107 846 1170 in

54 1189 116 1250 aliis
125 1187 316 1267 corporibus,
330 1185 469 1249 indul-ius
483 1186 513 1249 u
528 1185 624 1266 majus
633 1186 847 1270 incidentibus,

56 1268 372 1352 angulmnreflexionis
422 1265 585 1335 ualemeffe
595 1271 706 1364 angulo
714 1271 846 1336 inciden-

57 1352 124 1414 tiae:
143 1350 399 1414 idemetiamfitin
437 1368 511 1430 uce,
533 1361 566 1412 ut
574 1350 705 1429 plunbus
713 1353 847 1417 anniad-

57 1432 237 1497 versronibus
250 1431 371 1496 constat.

101 1534 130 1577 a.
151 1513 308 1595 Corpora,
329 1514 599 1596 q‘uibusrefleffltur
614 1517 682 1596 lux,
703 1529 789 1602 opaca
801 1514 848 1580 bi·

59 1610 169 1660 cuntur
191 1639 206 1676 ,
243 1601 339 1678 etque
348 1600 388 1661 ita
400 1611 536 1662 contexta
552 1597 608 1662 effe
622 1611 741 1680 oportet
761 1647 771 1680 ,
813 1610 848 1663 ut

61 1679 187 1741 ethereis
204 1680 350 1765 particulis
367 1681 520 1744 tranfitum
527 1701 577 1762 per
592 1683 682 1746 lineas
696 1679 788 1748 rectas
796 1701 848 1746 ne·

59 1774 129 1846 gent
146 1780 155 1836 ;
181 1760 264 1840 quod
273 1762 340 1824 fieri
351 1761 449 1842 potest
462 1777 513 1827 aut
527 1764 611 1846 quod
625 1765 718 1830 desint
730 1765 848 1847 prorsus

52 1844 120 1929 pori
133 1843 166 1905 iis
182 1846 371 1926 corporibus,
391 1847 450 1908 hoc
464 1846 503 1909 est
518 1895 527 1928 ,
548 1861 662 1912 meatus
676 1851 750 1914 inter
761 1850 850 1932 parti*

60 1930 197 1990 cularum
220 1945 285 1989 non
297 1925 385 1990 arcte
402 1926 511 2009 ubique
529 1931 741 1996 cohaerentium
761 1951 849 1996 com·

60 2005 191 2073 miffuras
213 2026 220 2072 :
249 2024 300 2071 aut
314 2008 399 2090 qubd
415 2010 469 2073 fint
483 2008 559 2074 adeo
574 2024 694 2091 tenues,
714 2027 748 2076 ut
763 2016 850 2076 aethe-

60 2111 141 2155 ream
154 2093 310 2154 materiam
324 2112 388 2155 non
403 2094 559 2163 admittant
581 2112 589 2157 :
630 2107 681 2156 aut
695 2091 779 2174 quod
794 2094 849 2156 fint

60 2173 191 2238 tortuosi.
232 2173 305 2238 Nec
327 2175 454 2247 dubium
475 2176 515 2239 cst
538 2176 611 2258 quin
626 2174 680 2238 fint
702 2175 733 2238 in
748 2174 851 2240 solidis

62 2257 243 2337 corpusculis
273 2305 283 2338 ,
322 2260 429 2339 quibus
450 2262 562 2340 reliqua
582 2259 686 2322 omnia
697 2256 859 2339 constant,-

61 2354 153 2421 partes
175 2339 234 2403 fine
248 2342 327 2419 poris
353 2387 362 2420 ,
402 2359 500 2420 neque
516 2343 598 2404 enim
613 2359 720 2442 corpus
740 2343 850 2425 ubique

61 2442 151 2502 porus
172 2421 228 2485 elie
249 2422 350 2502 potest.
392 2421 470 2486 Sunt
496 2424 587 2497 etiam
603 2423 681 2487 forte
701 2425 765 2503 pori
779 2437 851 2486 ‘tan-

62 2519 98 2567 tae
124 2507 295 2584 tenuitatis,
333 2518 367 2568 ut
387 2506 509 2567 materia
536 2504 657 2566 aetherea
683 2504 782 2586 major
801 2505 850 2586 iit,

61 2586 155 2668 quam
168 2601 203 2649 ut
216 2606 268 2650 eos
281 2605 431 2666 permeare
450 2599 547 2669 queat.
586 2583 795 2654 Necdubium
809 2588 860 2654 est'

62 2671 136 2751 quin
161 2668 217 2731 fint
246 2671 286 2732 ita
311 2667 475 2734 commilita
497 2672 716 2750 plerorumque
742 2689 851 2754 corpo-

60 2772 132 2816 rum
140 2750 310 2832 particulae,
332 2750 549 2832 utantraetus,
570 2751 755 2817 &tortuosos
762 2754 852 2838 finus,

62 2854 128 2899 non
150 2852 245 2912 poros
273 2832 406 2913 reatos,
448 2840 523 2899 inter
552 2833 776 2918 serelinquant.
818 2839 852 2905 Si
944 2850 952 2877 ⁴

62 2919 146 2981 euim
166 2914 314 2994 particula
341 2934 506 2999 oolporum
532 2917 656 2985 ramosae
675 2919 730 2987 fiat
750 2921 780 2988 bt
799 2938 852 3013 va·

121 2988 311 3062 Tamus-IV.
562 2998 593 3066 L
809 2997 852 3064 tte
945 3046 952 3063 .
