1928 3510
90 86 162 167 180
197 90 281 161 Prr
307 114 336 162 v
360 115 385 164 s·
403 114 465 167 rc
492 118 549 167 rr·
571 95 672 168 Lus.
699 94 775 170 lav.

152 229 160 242 .
179 183 231 247 At·
238 200 359 253 exortus
373 186 486 257 esthoc
493 188 594 253 nostro
603 190 714 254 sarculo
720 192 797 255 Renz
804 190 886 257 Cu-

86 282 102 329 t
135 287 193 345 ur,
214 287 310 349 quem
323 273 412 339 multi
427 271 541 352 sequuti
556 273 624 336 sunt
639 320 649 353 ,
674 277 798 354 quitalia
812 296 884 341 om-

85 347 135 415 nia
149 347 324 439 sentientes,
344 368 466 417 ut-mox
483 354 669 436 videbimus,
685 357 886 436 quaefiverullt

35 509 39 516 ·
85 429 124 491 ab
143 430 232 513 hujus
253 435 400 499 sententiae
424 439 578 515 patronis3
616 457 643 500 1.
664 438 749 519 cujus
770 455 887 507 naturae

86 513 239 579 censerent
251 515 382 588 eliceam
390 517 540 583 Animam
554 522 729 601 brutorum,
751 522 889 602 spiritua-

86 596 385 680 lisneancorporeae?
408 623 436 664 2.
452 602 625 667 mortalisne
633 600 886 669 effetanirmnor·

86 681 180 744 talis?
222 680 282 747 Sed
298 683 371 748 erim
386 687 487 770 ignota
502 685 535 748 iit
551 686 724 766 spirituum,
744 706 808 749 non
823 692 884 750 mi·

85 761 143 827 ntis
161 785 197 827 ac
212 785 376 846 corporum
390 784 508 844 natura,
528 768 780 847 priori-questioni
787 788 885 835 nemo

85 842 248 907 satisfacere
271 848 302 908 se
324 847 532 926 polleputarit
544 893 567 923 s..
583 847 636 908 nis
661 850 712 924 qui
729 849 884 912 crediderit

85 925 270 1003 adequatam
290 927 341 989 fibi
361 925 417 988 effe
443 946 546 986 earum
575 939 753 992 naturarum
778 930 883 992 norim

87 1023 175 1068 nem..
212 1003 308 1070 Alteri
320 1007 405 1069 facile
420 1004 657 1084 estrespondere.,
680 1008 883 1072 incertumes-

85 1087 118 1150 se
133 1086 273 1155 anMens
288 1091 297 1151 i
312 1088 348 1153 sd
362 1087 563 1150 hominumsrt
578 1086 682 1152 naturi
691 1089 883 1170 sui‚,an·.ve-

86 1170 300 1237 rovoluntate¹
338 1173 364 1233 ei
379 1171 575 1247 immortalis3
595 1169 726 1254 ideoque
741 1173 762 1235 sr
777 1175 883 1256 dixeri-

85 1270 155 1314 mus
171 1254 329 1316 brutorum
335 1255 476 1323 animam
490 1250 594 1316 natur-i
608 1253 660 1317 sui
668 1260 827 1319 mortalem
836 1256 882 1323 es-.

85 1331 134 1413 se,
154 1338 310 1400 neminem
327 1338 510 1401 contrarium
525 1335 678 1401 ostendere
686 1336 775 1418 posse.
798 1338 884 1424 Quid

85 1415 182 1481 obilat
196 1419 361 1501 quominirs
376 1419 462 1485 Deus
477 1417 610 1484 Naturas
631 1421 778 1500 quasdam
792 1421 883 1487 Intel-

88 1500 230 1585 ligentes,
250 1503 350 1568 mimis
365 1500 529 1584 perfertis,
549 1503 579 1565 ἃ
591 1502 778 1580 praesentium
788 1504 883 1567 ‚dum-

88 1596 167 1647 taxat
180 1633 196 1663 ,,
212 1592 481 1667 corporeammque
501 1603 604 1648 rerum
624 1585 796 1648 notionibus
817 1604 884 1664 per-

89 1667 185 1729 culsas
206 1671 345 1734 creaverit
359 1716 382 1749 r
397 1672 428 1731 in
457 1670 544 1730 breve
562 1681 680 1763 temous
702 1667 881 1733 duraturas?

88 1744 169 1810 Non
185 1748 278 1824 potest
296 1751 386 1830 objici
401 1751 500 1813 divina
515 1752 647 1830 bonitas,
667 1769 734 1830 qnae
745 1752 884 1816 innocuis

88 1827 237 1890 Creaturis
252 1835 333 1891 mala
346 1833 506 1895 immittere
520 1833 641 1908 nequit;
661 1849 735 1890 nam
748 1850 803 1907 pro
817 1851 884 1894 ma·

88 1911 124 1972 lis
139 1956 148 1987 ,
169 1929 235 1988 quae
248 1912 403 1988 patiuntur⁴
412 1912 519 1987 bruta,
546 1911 702 1970 innumera
716 1908 784 1970 sunt
801 1912 882 1974 bona

88 1993 195 2072 quibus
203 1991 358 2072 fruuntur,
379 1991 522 2072 &quibus
529 1989 595 2052 satis
608 1990 753 2070 superque
760 1990 883 2069 pensan·

89 2089 139 2139 tur
153 2077 241 2139 mala.
282 2071 430 2139 Liberum
442 2070 514 2136 Deo
528 2073 585 2135 fuit
599 2074 683 2152 plura
697 2082 749 2132 aut
752 2077 884 2217 (faucio-

89 2179 122 2223 ra
137 2159 273 2222 creaturis
288 2160 398 2242 largiri,
419 2174 476 2219 nec
488 2157 584 2238 magis
600 2156 714 2216 mirum
721 2154 751 2215 vi
773 2157 812 2219 eri
828 2174 884 2236 po-

90 2240 143 2304 test
160 2241 244 2322 quiid
259 2243 342 2305 bruta
356 2259 420 2303 non
434 2251 564 2318 exaequet
579 2236 769 2316 hominibus,
790 2238 885 2318 quim

111 2323 174 2395 ¹uod
199 2324 335 2386 honines
349 2321 473 2406 Angelis
490 2340 555 2384 non
571 2318 698 2401 aequrrit.
741 2316 892 2404 Denique

90 2344 342 2485 inlosophorum
359 2402 495 2485 nonest,
514 2423 549 2467 ex
565 2404 672 2488 ignotis
686 2397 747 2499 Dei
756 2405 885 2470 consiliis

19 2542 23 2547 .
90 2490 279 2568 ratiocinari,
307 2501 343 2553 ut
363 2490 505 2554 omnium
526 2484 658 2571 maxine
679 2486 886 2554 animadvertit

91 2571 249 2651 Cartefius.

121 2656 164 2718 4ό.
184 2655 331 2738 Discipuli
346 2657 409 2739 ej‘us
421 2655 518 2721 solent
531 2655 628 2718 dicere
636 2698 649 2730 ,.
665 2651 718 2715 nist
726 2654 818 2718 brutis
832 2653 884 2716 de,-

91 2751 215 2819 negetur
230 2739 344 2804 Anima
356 2740 508 2819 spiritualis
523 2782 532 2815 ,
553 2754 617 2797 non
633 2733 705 2798 satis.
718 2731 882 2801 commode

93 2817 173 2894 poffe
189 2823 303 2898 probari
317 2821 573 2882 imnortalitatem
592 2814 708 2882 Mentis
729 2820 882 2890 humanm

95 2915 168 2964 nam
187 2901 207 2963 sr
228 2903 393 2967 moriantur
412 2899 534 2969 Anime
555 2903 740 2984 brutorum,
780 2895 883 3043 qtffii

792 2998 809 3043 e
