1928 3510
119 138 142 216 8
224 104 549 217 P'rrusrcau
598 145 697 219 Lru.
726 144 800 220 IV.

120 248 289 319 contextae,
310 238 341 301 dt
359 238 445 320 juxta
465 242 562 303 trunci
580 241 800 325 longitudinem
814 261 913 322 porre-

120 317 190 400 &ae,
211 321 474 402 quemadmodum
483 324 600 385 corticis
615 325 703 386 fibrae.
747 322 914 392 Cumiuter

118 400 150 470 se
162 405 329 486 relinquant
337 406 508 483 intervalla,
529 405 912 486 inhiscequoqueeernun·

119 496 168 545 tur
181 487 332 551 transverfi
349 487 468 549 utriculi
483 533 492 566 ,
516 489 569 567 qui
583 488 621 552 ad
635 489 804 552 medullam
819 492 913 572 usque

117 567 238 651 lignum
263 581 425 650 penetrant.
467 567 545 632 Inter
573 571 659 635 fibras
681 591 827 636 concavas
850 577 913 639 aliae

118 650 203 733 sum,
224 671 292 734 quae
302 651 425 737 spirata
445 651 503 717 diei
510 651 629 732 possunt
644 653 673 717 δι
687 653 826 737 trachea,
847 675 913 722 non

118 745 204 797 tanto
218 737 342 818 quidem
356 754 485 798 numero
501 755 536 797 ac
549 739 611 798 aliae
628 757 638 812 ;
665 737 716 800 sed
731 757 798 816 quae
812 739 913 804 multb
950 790 953 795 .

118 817 271 897 majores,
293 817 322 877 ἃ
343 817 421 878 hiare
435 817 714 896 deprehenduntur,
734 820 857 896 quando
878 823 915 884 li-

162 917 218 977 um
232 898 452 961 horizontaliter
465 897 588 961 secatur.
608 897 699 964 Varie
706 900 829 979 quidem
843 901 913 969 sunt

131 992 195 1061 rtae,
215 979 267 1044 sed
281 983 426 1062 pleraeque
441 982 472 1042 in
485 982 592 1044 orbern
606 982 684 1044 circa
698 995 835 1046 centrum
854 984 914 1049 ser-

120 1077 204 1144 punt.
247 1061 328 1128 Non
343 1064 413 1127 sunt
427 1064 553 1143 aequales
567 1065 677 1145 ubique
724 1064 774 1129 sed
796 1085 847 1146 per
866 1070 911 1133 in·

120 1149 243 1216 tervalla
259 1143 397 1214 arctiores
411 1146 565 1226 videntur,
584 1112 755 1221 &constare
762 1151 912 1231 utriculis,

120 1229 160 1313 ad
169 1231 226 1296 ‘ovi
240 1229 368 1315 figuram
379 1229 604 1310 accedentibus,
625 1231 704 1295 haud
712 1233 794 1295 aliter
800 1252 835 1296 ae
850 1249 914 1296 tra-

119 1309 190 1379 chea
217 1312 329 1395 arteria
356 1314 541 1380 animalium.
590 1313 746 1380 Interdum
769 1319 914 1401 polygoni

121 1408 284 1459 canuntur
305 1398 448 1478 utriculi,
468 1397 620 1462 interdurn
644 1397 759 1463 corusci
782 1398 913 1462 &laeves

121 1477 217 1565 suut,
229 1500 265 1542 ac
279 1480 402 1545 subinde
416 1482 560 1558 obturati,
582 1481 666 1559 quod
681 1482 712 1542 in
727 1477 913 1543 Insedorum

121 1565 317 1642 pulmonibus
332 1566 423 1626 etiam
439 1563 575 1624 cernitur.
604 1559 687 1640 Saepe
702 1562 733 1623 in
742 1579 802 1624 una
816 1561 912 1641 spirali
930 1597 933 1602 ·

122 1645 212 1727 fibra,
231 1647 332 1724 plures
344 1643 412 1707 sturt
428 1644 629 1707 utriculorum
644 1643 763 1708 ordines
771 1644 860 1726 quise
868 1646 914 1709 in·

118 1725 439 1812 sicemcomiringturt.
516 1790 519 1796 ,
829 1750 832 1754 ·

149 1827 215 1887 1¹2·
237 1806 320 1873 Cum
334 1809 524 1874 resolvuntur
538 1811 829 1890 haefibraeinpartes,
848 1813 915 1891 qui·

121 1893 177 1957 bus
192 1891 325 1974 constare
339 1893 495 1972 videntur,
515 1892 759 1973 deprehendimus
775 1911 822 1954 eas
840 1911 915 1956 eon-

121 1973 194 2038 stare'
208 1972 287 2055 quasi
305 1974 416 2040 lamini
432 1977 537 2056 tenui,
559 1973 654 2053 arcti,
675 1972 848 2054 pellucidd,
869 1987 916 2037 at·

122 2075 183 2141 que
196 2057 235 2121 ad
248 2061 359 2142 argenti
382 2060 519 2133 colorem
534 2057 701 2120 accedente.
742 2052 787 2117 Ea
802 2059 914 2121 lamina

123 2141 164 2204 ita
177 2142 209 2205 in
224 2139 331 2220 spiram
344 2139 383 2204 est
400 2143 595 2219 complicata,
614 2153 647 2201 ut
663 2137 726 2218 ejus
742 2157 795 2201 ora
810 2140 914 2202 intrin-

19 2288 22 2292 .
122 2220 223 2304 secus,
244 2235 332 2303 atque
348 2223 522 2287 extrinsecus
537 2222 646 2301 asperet
661 2221 783 2298 fibram,
804 2222 855 2284 ubi
870 2223 917 2285 in-

123 2304 214 2376 ferior
227 2322 292 2384 pars
308 2305 449 2385 superiori
465 2306 670 2368 cormnittitur.
712 2301 849 2366 Trachea
869 2325 916 2370 ar-

122 2389 195 2453 teria
207 2387 383 2471 animalium
397 2385 598 2468 persedorum
612 2384 725 2450 constat
739 2388 856 2454 annulis
871 2389 916 2453 di·

124 2467 250 2549 stinttim
270 2470 321 2536 sed
337 2472 459 2537 trachea
474 2471 554 2534 fibra
568 2472 709 2537 arborum
724 2467 793 2532 sunt
807 2469 915 2535 similes

123 2552 307 2625 sannorum
321 2555 467 2635 tracheis,
495 2574 561 2634 quae
581 2553 716 2616 conflata
735 2551 804 2614 sum
825 2553 915 2698 lonsfd

124 2636 230 2717 sascid,
252 2639 284 2700 in
297 2637 405 2717 spiram
420 2634 615 2716 complicati,
635 2633 666 2696 dt
680 2636 772 2698 veluti
786 2638 868 2698 tenui
892 2657 914 2698 r-

125 2720 183 2781 mis
197 2717 326 2798 squamis
348 2717 507 2780 constante.
552 2716 648 2796 Quod
663 2717 793 2795 mireris,
813 2717 915 2797 srquae

124 2801 248 2865 trachea
269 2799 348 2865 fibrae
369 2818 434 2879 pars
450 2819 486 2862 ex
501 2801 618 2876 herbis,
639 2811 689 2861 aut
706 2801 790 2861 certis
806 2800 915 2867 arbori·

125 2883 181 2951 bus
195 2881 302 2961 hyeme
313 2884 486 2965 revellatur,
509 2882 550 2948 sat
566 2881 618 2950 diu
632 2880 807 2966 peristaltico
827 2895 916 2943 motu

125 2964 172 3050 agi
188 2963 313 3032 videtur.

775 3057 825 3129 132
842 3039 953 3113 Pte·¹
