1928 3510
164 127 358 197 DePiantis
373 120 410 196 ὦ·
423 119 637 194 Animalibus.
663 122 706 197 C.
721 122 749 196 l.
827 144 870 222 13

78 237 181 305 quent.
222 220 337 287 Eadem
350 223 442 284 etiarn
455 234 560 283 natura
570 222 712 284 omnium
727 220 879 283 horumce

80 307 279 370 utriculorum
294 300 502 380 effe-videtum
523 303 552 365 dc
568 303 790 385 deprehenditur
797 322 878 384 quo-
939 321 942 327 ·

79 387 682 469 quemedullasurculorumteneriorum,
703 383 801 448 similis
817 383 880 447 effie¹

81 473 209 535 interiori
219 473 338 550 cortici,
360 472 412 549 qui
426 470 879 552 morinlignum-conuertitur,

81 554 160 618 ut&
177 553 336 631 exteriori,
364 550 437 613 edm
460 551 528 632 ejus
547 550 689 613 indurata
702 550 772 612 sunt
787 550 879 611 fibrae..

81 637 295 719 Quamobrem
308 632 421 715 insolis
436 634 627 695 tenerioribus
635 635 723 695 tarnis
736 643 882 712 perperna

81 717 307 798 deprehenditur
321 714 470 794 medulla,
490 713 877 795 qnaeintruncisdtuiotum

81 800 110 865 dt
117 797 384 882 paullomajorum
391 799 533 860 arborum
540 800 625 861 nulla
631 796 685 859 est.

122 903 174 966 24.
194 879 324 947 Arbusta
338 880 499 960 quadam,
520 899 586 960 qua
605 880 657 944 diu
673 897 740 944 non
751 882 858 944 vivunt
866 927 883 962 ,-

81 969 214 1030 multam
227 965 337 1026 habent
353 961 539 1038 nied-allaim
558 961 674 1025 fortalie
690 976 723 1025 ut
739 965 882 1043 copiosus

81 1051 194 1111 humor
208 1065 271 1128 quo
287 1048 408 1108 aluntur
422 1047 548 1123 amplius
563 1045 690 1125 spatium
705 1045 824 1125 habeat,
845 1050 883 1111 in·

78 1149 145 1212 quo
159 1141 360 1209 excoquatur,
381 1126 538 1190 &facilius
555 1126 713 1206 transpiret.
751 1126 876 1209 ltaque,

71 1228 116 1278 sut
128 1214 210 1276 breui
226 1226 363 1289 tempore
380 1209 532 1290 crescunt,
555 1208 696 1274 ficetiam
710 1211 791 1272 brevi
802 1225 886 1275 tem·-

81 1314 157 1375 pore
172 1295 318 1356 intereunt
334 1313 343 1369 ;
370 1295 441 1371 quia
463 1293 573 1355 humor
585 1295 636 1356 ille
653 1339 663 1368 ,
689 1312 753 1374 quo
770 1313 878 1358 eorum

84 1388 185 1459 turget
199 1373 349 1457 medulla,
366 1392 431 1440 non
444 1375 585 1438 eanrdem
598 1375 776 1439 soliditatem
789 1375 886 1440 Plan--

85 1461 121 1523 tis
138 1459 196 1521 illis
212 1469 312 1534 creat,
340 1476 406 1537 qua
430 1457 557 1520 nascitur
576 1474 611 1518 ex
627 1455 779 1519 ordinibus
801 1458 886 1522 hori·

82 1541 250 1607 zontalibus
266 1539 393 1620 (quibus
401 1542 527 1613 aliarum
540 1551 665 1602 truncus
679 1538 789 1617 partim
802 1557 884 1604 con--

85 1623 158 1702 ilat)
179 1624 380 1685 articulorum
398 1641 472 1687 cum
497 1621 782 1703 perpendiculamus
799 1620 886 1686 fibris

87 1718 308 1769 contextorum..
334 1703 413 1785 Quo
425 1706 464 1768 fit
474 1705 615 1768 credibile
626 1724 734 1768 cortun
748 1702 885 1769 arbusto

86 1806 159 1852 rum
167 1788 332 1851 medullam
346 1788 417 1850 nihil
432 1785 505 1868 eise,
523 1801 625 1866 praeter
631 1789 804 1887 congeriem
811 1792 887 1855 uui·

86 1872 230 1934 culorum
250 1870 438 1932 adnexorum
460 1872 560 1950 paucis
575 1870 720 1934 fasciculis
739 1870 887 1936 fibrarum

83 1953 266 2033 inaequaliter
281 1970 333 2030 per
348 1955 467 2016 caulem
482 1952 654 2032 sparsurum.
751 1962 753 1967 '

129 2053 177 2115 25.
200 2033 431 2133 lierilimileest,
451 2034 485 2099 ut
496 2034 562 2116 jam
569 2036 881 2135 obsenavimusffuc·

88 2117 897 2281 ssu„usslusliu‘siliullanturw

89 2282 260 2346 admodum
281 2295 383 2345 autem
401 2284 433 2345 in
446 2281 578 2362 perfediis
601 2285 799 2361 animalibus,
828 2303 887 2355 no—

91 2382 168 2427 vum
183 2366 363 2427 alimentum
369 2363 442 2452 chyi
449 2365 525 2429 subit
533 2366 686 2446 pristinum
693 2364 884 2451 sanguinem,

91 2449 178 2511 variis
196 2447 348 2510 fermentis
363 2462 579 2532 praegnantem,
603 2448 833 2537 utlymphii-&d
856 2447 888 2508 dc

91 2549 168 2592 cum
181 2531 240 2592 hoc
254 2543 356 2592 totum
372 2549 480 2611 corpus
501 2546 625 2608 pererrat
641 2551 651 2605 3
679 2530 739 2608 qui·
754 2536 887 2612 peragra-

93 2614 178 2673 tione
190 2612 350 2696 ingreditur
365 2617 461 2677 varios
478 2629 568 2693 poros
584 2610 886 2691 camisuviscerum,

93 2694 147 2757 ubi
160 2693 309 2758 fermentis
327 2714 393 2774 quae
412 2698 476 2762 illic
489 2695 557 2759 sunt
573 2693 737 2775 adsumtis,
765 2695 888 2759 tandem

89 2775 219 2856 adquirit
244 2775 471 2857 dispositionem·
492 2778 641 2843 idoneam
663 2778 699 2842 ad
720 2775 890 2844 fundiones

89 2861 235 2923 adinrales
251 2859 485 2925 conservandas:
505 2860 545 2924 fic
560 2861 889 2927 inPlantisnovus-suc-

89 2960 146 3009 cus
161 2960 197 3007 ex
212 2942 317 3027 ligneis
329 2943 415 3011 fibris.
425 2947 459 3012 in
473 2945 672 3096 hogzomdcs
687 2947 837 3092 utri'culzss1
846 2944 890 3004 ci-

563 3039 582 3108 7
805 3046 825 3090 U
839 3042 896 3093 iffir
