1928 3510
75 106 128 207 84
183 111 522 203 ‚Pursicm
562 116 648 188 Lm
683 114 782 189 IV.··

78 205 197 270 narium
218 206 437 275 membranam.
480 208 524 272 At
546 211 578 276 in
592 208 879 275 Avibusduosunt

80 287 264 367 dumtaxat,
280 291 312 353 in
326 288 387 354 offe
400 294 544 356 anteriore
561 296 696 375 cerebri,
707 293 881 375 foramina,

80 384 207 448 perquae
215 371 279 436 duo
286 373 709 457 nerviadrostrunrferuntur,
732 376 797 456 sed,
818 396 875 456 pro

82 452 169 513 mole
184 452 282 535 Avis,
298 455 450 539 majores,
471 458 563 539 quam
579 459 694 545 lingula
709 478 883 523 nervorum.

12 586 20 599 s
85 532 292 602 humanorum
304 540 363 602 fila.
779 582 782 586 ›

127 637 176 681 11.
197 618 234 685 Si
245 625 381 687 cranium
396 621 517 687 Avium
530 627 664 705 pluribus
678 624 880 690 foraminibus

82 713 194 780 pateret
208 751 224 784 ,.
246 708 435 786 irrumpentis
451 708 523 770 a'e’ris
541 708 627 785 copia
648 705 763 771 offendi
783 705 882 785 pollet

85 786 261 867 cerebrum,
278 790 454 868 volatusque
468 790 610 865 impediri.
635 786 714 850 -lmb
725 790 881 852 foramina

86 864 138 925 illa
153 866 190 926 'in
210 866 354 947 Aquilis,
381 883 441 930 arte
465 867 574 946 aucla,
602 869 741 930 dicunmr
762 869 880 933 obstare

85 945 250 1089 Puominus
264 947 394 1011 tamalte
408 949 438 1011 se
453 947 482 1010 se
496 946 598 1009 efferre
606 963 724 1027 queant.
746 948 875 1014 Aesone

98 1047 108 1088 r
124 1028 251 1092 nimiam
265 1030 337 1094 a'e'ris
353 1032 472 1110 copiam
485 1031 644 1109 volantes,
664 1031 788 1095 adverso
803 1052 878 1095 ven·

88 1123 139 1191 ro,
158 1114 275 1176 naribus
291 1113 477 1192 exciperent,
503 1113 552 1175 vix
566 1111 681 1198 pollent
697 1114 818 1177 cursum
833 1129 876 1177 te-

83 1210 163 1255 nere.

132 1288 181 1338 12.
202 1273 399 1342 Confideratu
414 1275 503 1362 digna
513 1276 554 1340 eil
569 1280 672 1342 avium
679 1270 877 1341 TracheaAr-

86 1359 164 1421 teria
180 1408 196 1442 ,
221 1361 259 1425 ad
274 1381 368 1443 quam
381 1364 431 1425 aiir
445 1381 480 1424 ex
490 1363 606 1427 naribus
621 1363 727 1426 fertur..
763 1365 779 1400 *
794 1359 880 1424 Cum

87 1440 119 1503 in
134 1441 320 1509 Hominibus
335 1445 364 1509 ἃ
379 1447 411 1508 in
425 1444 672 1526 Quadrupedibus
687 1491 696 1523 ,
724 1442 879 1506 musculos

89 1527 160 1589 voci
186 1529 351 1593 formandae
378 1525 551 1590 necessarios
575 1545 729 1589 cernamus
751 1524 878 1589 summae

87 1604 232 1672 Tracbeae
247 1611 393 1689 adnexos,
413 1610 444 1670 in
460 1607 602 1687 Avibus,
619 1609 704 1690 juxta
717 1608 878 1753 lonpitudi·

89 1707 164 1752 nem
175 1690 248 1769 sepe
261 1691 387 1769 protensi
402 1691 489 1769 sunt3
518 1690 547 1754 ἃ
562 1695 648 1771 plura
660 1694 750 1756 etiam
777 1705 830 1753 unt
845 1692 877 1752 in

88 1770 421 1849 Aquilamusculorum
448 1777 523 1851 aria,
544 1774 648 1850 paullo
663 1773 879 1853 supralirteriac

87 1851 345 1918 divaricationem..
382 1858 398 1933 †
447 1855 594 1916 bservatus
618 1855 657 1915 est
679 1858 710 1916 in
722 1857 880 1917 nonnullis

88 1933 433 2016 musculus,efaucibus
442 1934 479 1997 ad
487 1934 878 2012 summumthoraccmpor·

87 2012 194 2080 reclus.
217 2015 285 2082 Ubi
299 2017 400 2081 definit
414 2015 568 2093 Trachca,
588 2018 622 2079 fit
638 2014 733 2095 ollca,
756 2018 880 2095 ampli-a-

88 2102 196 2181 tuique
209 2101 241 2165 in
257 2102 481 2182 receptaculum
494 2100 567 2160 a’e'ris
584 2099 695 2181 ingens.
736 2095 819 2160 Mox
835 2101 880 2163 dl-

86 2182 196 2247 viditur
203 2186 235 2248 in
242 2185 319 2250 duos
326 2200 425 2249 ramos
435 2181 653 2264 cartilaginem,
667 2179 881 2244 deindemem·

86 2265 260 2330 branaceos.
598 2336 601 2341 ,

135 2365 183 2430 ¹3-
211 2348 247 2411 ln
275 2347 322 2430 Cy
364 2347 544 2412 omirabilis
572 2344 611 2410 est
632 2346 736 2426 asperae
756 2343 880 2410 Arteria

90 2426 243 2496 murrum.
286 2434 304 2513 ss
344 2452 376 2494 er
399 2432 470 2493 colli
487 2431 709 2516 longitudinem
720 2427 881 2510 juxtaOe·

92 2512 262 2601 sophagum
272 2517 445 2602 porrigitur,
467 2515 565 2578 donec
578 2515 615 2577 ad
632 2513 882 2591 Sternumpcrve-

93 2599 173 2680 niar,
194 2603 228 2664 in
240 2601 325 2682 cujus
341 2597 491 2678 capsulam
505 2599 535 2661 se
550 2599 677 2659 incurvo
692 2597 882 2659 flexurccon·

94 2677 146 2741 dit.
185 2681 347 2766 Postquam
360 2680 435 2744 verb
449 2679 580 2759 pervenit
595 2678 632 2741 ad
641 2679 735 2743 imam
742 2681 818 2744 hanc
833 2696 882 2770 ca.-

811 2770 884 2821 Vltll·

161 2897 178 2930 *
194 2895 264 2945 uuor.
275 2894 335 2944 Sem·
347 2894 372 2944 in
386 2895 491 2961 Myolog,
505 2894 604 2959 aquile.

161 2963 173 3020 l
190 2964 218 3011 G.
232 2961 310 3023 Blafius
324 2959 456 3024 indescrip·
468 2962 558 3010 Anatis.

189 3024 375 3080 memnonias
388 3025 415 3078 in
425 3027 502 3093 Cygni
515 3031 583 3079 anas.
