1928 3510
109 125 184 258 3⁵22
260 120 320 187 22¹³,
336 120 492 183 testie
517 122 573 179 n.
601 101 701 175 Ltn.
727 100 811 177 tva

114 276 134 283 ..
164 268 168 275 ,
280 195 815 283 sebastiane-:Veteressangdnem
822 197 898 266 iem·

107 282 289 358 pomoveri
312 277 331 355 a·
343 280 451 355 tuedo
463 277 600 358 Corpore
613 280 651 344 ad
665 296 820 363 extrema,
845 303 901 353 ,ue-

105 364 442 443 queumquamreverti
463 404 466 409 -
484 361 627 443 Cumque
633 362 901 435 exilltmaentnon

107 445 268 527 procedere
282 443 475 527 sangrinem,
497 445 548 508 nifi
561 461 654 525 prout
660 445 697 509 ad
705 450 910 519 nutritionem

107 526 477 608 minuisabsumebatur,
498 528 901 610 indeeonsequenseratsau-

108 611 233 694 munem
247 608 406 675 lentiffimo
421 610 467 694 agi
483 626 572 675 motu
586 630 598 688 3
623 625 712 693 atque
724 615 758 677 in
772 613 901 678 uenis&

108 695 217 777 atteris
244 691 405 780 restagnare
425 692 551 775 potiris,
568 693 671 773 ,quam
685 696 783 761 liuere.
825 694 902 765 Hoc

108 789 211 841 autem
233 776 395 840 absurdum
416 773 473 838 effe
487 777 536 838 vel
551 774 633 839 solus
648 779 819 841 arteriarum
833 779 908 856 pul„

109 857 466 941 stez„quo·rrrrnifestnn
478 856 519 917 est
572 869 648 918 ttam
663 856 811 938 sanguinis
827 875 899 935 pro·

108 937 195 1018 pelli,
208 935 282 1015 ‚sans
296 934 429 999 osteridit.
468 935 522 998 Fal
539 934 899 1018 umestquoquepermc-

107 1019 196 1085 dium
209 1016 318 1090 cordis
338 1017 454 1097 septum
467 1016 541 1097 quid
562 1036 635 1080 uam
648 1019 769 1087 tramite
783 1063 799 1101 ,·
812 1023 900 1100 quod

110 1090 174 1187 ipso
186 1098 250 1183 ejus
263 1098 394 1178 inspedtu
408 1101 508 1180 liquet.
587 1118 623 1163 ec
641 1100 731 1168 etiarn
745 1123 780 1179 ea
795 1104 901 1181 opinio

109 1202 184 1247 cum
205 1183 394 1247 valvularum
409 1181 556 1245 consentit
570 1182 650 1264 srtu,
675 1201 727 1263 per
743 1205 814 1266 quas
829 1186 901 1249 licet

109 1265 234 1347 quidem
250 1262 393 1350 Sanguini
409 1265 447 1328 ad
463 1265 601 1331 medium
616 1285 722 1346 corpus
734 1287 786 1348 per
797 1267 901 1332 Venas

109 1348 219 1430 redire,
241 1347 291 1412 sed
306 1368 371 1414 non
386 1349 454 1413 licet
470 1348 486 1412 ὲ
500 1346 603 1413 Corde
617 1347 798 1419 ebdelluere.
839 1349 904 1414 Ve-

109 1429 181 1501 ttim
194 1431 465 1515 exposita-uetiam
483 1431 626 1495 sententis
639 1477 649 1511 ,
670 1432 763 1512 quim
776 1432 848 1499 falsa
867 1433 902 1496 sit

108 1514 241 1599 superior
261 1519 308 1599 ,ita
317 1515 461 1597 liquebit,
483 1525 517 1576 ut
537 1515 681 1595 ampliore
698 1515 902 1578 confutatione

111 1601 342 1697 ponindig'eat.¹
422 1648 426 1655 .
470 1648 484 1673 .,
775 1634 779 1641 -
813 1676 815 1683 Ι

114 1701 180 1762 ..p
209 1680 294 1744 Cum
308 1681 396 1746 Vena
416 1679 501 1746 Cava
518 1680 663 1761 perpetuo
682 1679 823 1765 sanguine
841 1690 903 1743 tut·

14 1782 17 1788 ·
184 1808 192 1840 ,
214 1763 237 1824 is
252 1762 368 1845 sanguis
376 1768 509 1826 valvulas
522 1763 573 1828 sibi
581 1761 711 1842 objettas
717 1764 815 1842 pellit,
836 1764 903 1841 qui·

131 1863 166 1907 us
182 1861 237 1923 pro
253 1844 438 1922 dispostione
455 1844 506 1906 sui
522 1843 709 1919 cedentibus,
730 1841 839 1904 Cordis
854 1863 904 1904 ca·

110 1928 233 1989 vitatem
248 1928 375 2005 implet,
394 1929 487 2006 eique
502 1925 675 2003 impletione
689 1926 823 1986 valvulas
841 1923 904 1985 eas-

110 2010 182 2073 dem
197 2008 304 2090 dejicit.
347 2009 432 2074 ldem
445 2009 479 2070 fit
494 2006 526 2068 in
544 2005 660 2071 Arteria
675 2004 786 2068 venosa
803 2052 813 2085 ,
834 2025 903 2087 quae

110 2095 233 2174 pertinet
261 2093 298 2156 ad
325 2095 457 2157 valmlas
484 2089 594 2152 eodem
620 2087 718 2151 modo
745 2087 904 2171 dispositas.

111 2175 196 2240 Ciun
210 2190 311 2240 autem
319 2173 426 2240 Cordis
439 2171 474 2234 fit
490 2173 639 2234 maximus
648 2173 747 2249 calor,
768 2185 801 2233 ut
816 2176 904 2252 expe·

109 2259 211 2323 rientii
235 2256 372 2336 constat,
401 2267 489 2340 gutta
509 2256 542 2317 in
562 2254 593 2318 id
607 2253 728 2333 delapsa
743 2252 841 2318 subito
862 2250 905 2319 ef-

108 2340 300 2418 fervescunt,
330 2338 360 2400 &
380 2338 544 2416 turefiunt3
574 2357 637 2419 quo
660 2349 749 2399 motu
768 2339 903 2402 nituntur

110 2444 161 2506 per
185 2422 257 2486 ostia
270 2421 379 2485 Cordis
403 2422 503 2501 elabi,
523 2441 581 2485 nec
604 2434 705 2484 tamen
723 2420 820 2502 egredi
836 2421 905 2501 pos-

110 2512 180 2576 sunt
194 2527 245 2589 pet
259 2527 294 2570 ea
308 2504 415 2587 quibus
429 2505 579 2568 subierunt
594 2552 604 2584 ,
624 2515 743 2583 propter
757 2504 905 2568 rationem

110 2596 251 2660 adlatam.
272 2589 375 2672 Itaque
388 2591 522 2652 valvulas
535 2585 683 2666 oppofitas
689 2587 850 2666 pellentes,
870 2587 904 2650 iis

27 2678 33 2733 ’.
109 2677 308 2753 cedentibus,
330 2677 398 2737 illac
422 2673 578 2733 elabuntur
600 2669 775 2752 ingeminas
789 2670 904 2732 arterias

110 2758 257 2838 oppofitas
273 2777 282 2831 3
302 2754 332 2816 ἀ
347 2754 463 2834 sanguis
478 2751 646 2813 ventriculo
659 2751 763 2814 dextro
776 2746 902 2846 egressus

107 2859 163 2920 per
178 2841 298 2898 Venanr
310 2833 477 2896 arteriosam
492 2832 530 2895 ad
544 2831 709 2898 Pulmones
724 2832 832 2908 tendit,
851 2833 905 2910 qui

112 2920 185 2988 verit
197 2921 231 2986 in
247 2914 358 3007 finistro
373 2913 696 2989 fueratllortamsubit.
717 2911 906 3066 Necpotestb,

864 3015 884 3063 0
