1928 3510
95 56 162 134 sla
217 54 549 131 unwan
588 48 788 131 univ.

87 148 272 218 mattilsunos
285 155 368 222 viros
380 150 616 220 mansuetudinis
624 151 746 216 stnsum
760 149 885 248 ton'ltu·

85 235 705 388 lutzllnlnllllltul
726 233 880 382 llll:

84 401 156 467 talle
169 416 272 469 totum
288 406 459 472 humanum
437 416 566 554 essgenus
581 339 682 467 dimise
696 335 887 487 ,pingamus

87 489 293 553 crudelitatem
316 492 413 555 ullam
476 485 755 564 einoccidendis,
781 478 887 547 viduis

88 570 177 637 causi
194 617 204 651 ,
231 576 409 640 animalibus
428 575 518 639 brutis
535 594 545 650 ;
577 590 603 634 ι.
623 573 694 651 quia
708 565 780 631 clm
794 569 882 631 bruta

87 657 190 735 paucis
201 656 267 735 post
282 660 367 722 annis
386 657 444 722 lint
455 660 504 719 vel
517 655 622 733 sponte
636 651 786 716 interitura
801 697 811 729 ‚
840 650 888 710 ita

87 740 257 815 musteum,
286 753 321 800 ut
343 741 415 800 nihil
436 757 472 799 ex
487 740 520 799 iis
534 735 670 812 superfit,
699 751 736 793 ac
750 730 881 808 proinde

85 821 170 877 nulla
182 815 337 877 uteorum
352 820 384 878 in
397 829 496 877 morte
503 812 627 891 jadhuul
668 808 805 872 Crudelis
821 808 874 885 est,

83 896 135 977 qni
150 895 244 961 alium
256 892 431 958 studentem
444 894 549 973 spoliat
556 910 594 955 eo
602 890 875 971 quosespolintum

83 977 211 1044 sentit&
226 977 326 1040 dolere
342 974 437 1055 potest
454 995 463 1052 ;
493 991 559 1036 non
573 976 626 1055 qui
640 973 671 1039 id
690 993 815 1039 cottum
835 977 879 1053 it,

105 1062 168 1125 uod
184 1070 359 1135 conuptum
374 1054 638 1121 nullumsensum
657 1058 753 1122 habet.
825 1076 878 1120 ru-

82 1076 154 1206 delis
174 1156 245 1223 ergo
265 1137 376 1203 merito
399 1140 513 1205 dicatur
528 1140 625 1205 homo
665 1143 697 1206 ui
718 1141 878 1206 honinem

80 1220 207 1301 occidit,
223 1221 628 1306 qulaoccisohomluesuper
675 1222 880 1304 Mensqqua

81 1300 257 1369 lueostatu
279 1302 337 1370 effe
354 1305 449 1389 potest
461 1354 479 1389 ,.
499 1326 564 1391 quo
586 1306 618 1372 so
638 1308 699 1373 vitl
721 1308 886 1389 spoliatum.-

81 1386 190 1452 doleat.
240 1386 286 1455 At
320 1391 407 1455 bruta
435 1403 557 1455 mortua
586 1390 659 1452 nihil
684 1391 715 1454 st
747 1390 879 1453 sentiunt

81 1469 234 1553 amlulse,
274 1475 344 1554 quia
364 1472 453 1537 fimul
476 1484 584 1536 cotum
604 1469 720 1537 Anima
747 1468 878 1536 diffolvi-

81 1566 160 1635 τω,
203 1555 499 1639 quomodocumque
518 1556 580 1619 hoc
598 1553 659 1619 flat.
702 1575 731 1620 a.
759 1552 878 1619 Crude-

82 1637 118 1699 lis
143 1635 184 1709 est
208 1639 261 1718 qui
281 1653 421 1703 naturam
447 1638 650 1719 sentientem,
678 1636 801 1720 aliisque
820 1638 879 1700 uti·

80 1722 177 1801 lunq
211 1720 288 1784 dum
310 1721 351 1785 eil
369 1723 487 1801 corpori
501 1717 664 1802 conjnndln
687 1768 703 1801 ,Α
738 1719 887 1798 acopo--

80 1819 113 1873 te
140 1802 258 1881 avellit,
289 1805 385 1884 qualis
400 1801 443 1866 est
457 1805 554 1867 homo
568 1802 706 1866 societate
722 1820 795 1864 cum
811 1803 876 1864 aliis

82 1882 273 1967 conjuntlus.
294 1885 339 1950 At
347 1886 761 1951 crudelitatisinfimularinon
769 1881 874 1965 potest,

80 1970 134 2050 qui
142 1968 268 2035 Animal
282 1969 409 2049 occidit,
429 1971 513 2052 quod
529 1968 650 2034 aliisnifi
665 1964 875 2032 occisumnon

81 2052 217 2135 qrodest,
237 2050 304 2116 imo
318 2050 552 2116 veronoceretst
565 2054 686 2117 viveret.
708 2047 837 2113 Certum
845 2069 876 2112 e-

81 2135 147 2201 nim
162 2135 218 2214 eli,
245 2134 297 2197 nist
314 2136 399 2203 bruta
412 2135 450 2203 ab
464 2135 635 2203 homitibus
650 2133 887 2214 occiderentur„

79 2229 195 2279 tantam
207 2217 340 2280 futuram
354 2234 462 2284 cuturn
476 2221 597 2301 copiam
611 2268 622 2304 ‚
657 2230 691 2282 ut
702 2211 885 2281 hominibus

80 2297 200 2359 exitialis
210 2296 296 2358 foret.

125 2379 174 2442 16.
195 2375 299 2459 Atque
320 2379 384 2442 haec
405 2382 443 2447 de
464 2381 641 2449 Hominum
660 2380 690 2443 dt
709 2378 878 2446 Brutorum

81 2459 888 2545 discnnuneditlasufficient‚dequo,tamennonina--

81 2547 133 2607 tile
147 2542 304 2628 eritlegiise
319 2545 396 2610 duos
409 2550 525 2611 libellos
534 2544 689 2622 Gallicos3
711 2549 875 2611 alterume·

80 2623 752 2715 rudinffnnijesuitae*(gn.GaslonisPardies,
773 2626 873 2691 deCo·

74 2708 204 2798 gaitione
218 2706 384 2776 Brutorum
398 2756 416 2794 ,ἱ
441 2711 569 2771 alterum
594 2708 668 2774 vero
684 2713 699 2792 †
715 2708 873 2854 Anonsymi

819 2808 882 2851 cnm

111 2895 129 2933 ⁸
144 2892 273 2946 Lutetiam
283 2908 320 2944 12.
337 2899 383 2946 An.
402 2903 472 2957 1678:
487 2897 512 2948 δι
525 2897 604 2964 postea
617 2904 686 2968 llige
697 2895 818 2950 mulda

110 2958 297 3040 Uauium.
309 2968 378 3015 1680.
395 2961 610 3022 &nmdelodaml
