1928 3510
111 132 164 211 96
225 119 559 193 Pnusrcau
605 114 807 192 LruIV.

114 216 161 279 uis
188 213 357 281 contradus
384 227 512 297 quatuor
532 213 639 297 digitos
660 204 839 278 transversos
859 217 908 280 vn

114 296 266 379 excedat,
307 312 437 362 attamen
457 298 618 377 explicatus
637 309 695 362 tres
718 296 909 362 Horlandica

113 382 195 443 ulnae
216 381 391 462 quadrantes
412 382 535 445 excedit.
595 377 672 443 Una
693 399 767 443 cum
788 377 909 463 Utero,

115 464 290 529 membranis
306 464 395 530 dorso
412 465 547 547 alligatus
562 461 604 529 est
620 483 630 540 ;
649 483 689 526 ne
704 467 775 526 loeo
789 478 911 543 motus,

115 547 148 612 dt
172 549 333 630 implicitus
355 549 417 612 aliis
438 547 595 612 visceribus
616 548 791 611 vitellorum
812 546 911 609 tranfi-

117 646 186 703 tum
199 646 352 714 moretur,
372 637 467 715 utque
482 629 712 712 libernapertus
720 631 910 694 eosmolliter

117 717 249 797 excipiat
690 774 693 787 ,
902 761 905 765 -

159 818 209 876 45.
231 794 402 863 Ovidudtus
427 799 457 860 ἃ
487 794 621 860 Uterus³
630 797 744 858 duabus
774 793 910 858 constant

118 880 318 962 membranis,
338 897 467 956 quarum
481 878 605 938 exterior
613 877 710 953 laevis,
729 877 852 938 interior
860 897 913 940 vo·

118 956 154 1021 ro
161 964 325 1044 {corrugata
336 956 398 1036 est,
418 957 449 1019 dr
461 960 580 1035 multo,
599 960 741 1036 tenuique
756 958 909 1021 albumine

119 1041 220 1105 madet
232 1061 249 1120 ,ς
269 1039 348 1103 unde
360 1040 478 1102 vitellus
492 1037 672 1101 descendens
687 1053 834 1121 augetur,
857 1043 913 1104 cir·

120 1121 911 1202 compositoquepaullatimalbumineperficitunriu·

114 1204 253 1284 jusmodi
269 1202 312 1265 est
327 1202 501 1280 constitutio
515 1201 651 1269 Uteridr
664 1201 857 1285 Ouidudds,
879 1207 912 1268 iu

104 1284 255 1369 .‘Gallina,
275 1305 342 1368 quae
357 1288 524 1352 etianmum
537 1291 697 1369 ovaparit;
717 1287 768 1352 sed
782 1288 813 1351 in
827 1285 913 1350 effoe-

117 1380 165 1446 ta,
185 1366 261 1432 adeo
270 1372 381 1434 minuti
392 1371 481 1454 sunt,
496 1385 530 1436 ut
537 1371 716 1435 tenuissimas
724 1373 911 1435 membranas

119 1451 259 1533 referant,
280 1474 378 1535 neque
394 1454 520 1534 amplius
536 1455 684 1533 flexuoso,
705 1452 911 1516 sedredodu·

120 1533 172 1600 &u
188 1538 224 1600 ad
232 1533 382 1599 Ovarium
397 1536 527 1599 tendant.
568 1532 738 1605 Ovidudds
747 1535 837 1597 etiam
844 1551 910 1612 pars

120 1619 292 1682 inferiorita
307 1621 338 1680 in
353 1617 459 1681 effoetis
477 1618 575 1682 c'iausa
589 1618 632 1683 est
650 1667 660 1700 ,
687 1632 720 1681 ut
744 1636 810 1698 quae
831 1615 911 1696 prius

119 1701 184 1797 ovis
207 1715 358 1781 patuerat,
380 1721 418 1765 ne
432 1703 600 1767 vehementi
620 1701 745 1786 quidem
760 1702 831 1763 flatu
846 1718 912 1779 ape·

120 1796 218 1845 natur.

158 1866 213 1946 46.
235 1863 397 1947 Omnium,
418 1867 476 1930 five
489 1869 576 1930 locus
586 1868 623 1929 'in
637 1885 700 1947 quo
714 1866 806 1927 vitelli
817 1865 913 1926 conti·

121 1964 230 2012 nentur
245 1997 254 2029 ,
276 1949 344 2013 situs
358 1949 402 2013 est
412 1951 493 2014 'infra
503 1949 589 2030 jecur
603 1996 613 2029 ,
632 1948 669 2011 ad
682 1947 797 2026 spinam
817 1945 911 2022 dorfi,

121 2031 208 2112 supra
222 2035 358 2096 arteriam
364 2053 506 2117 magnam
513 2031 748 2095 descendentem.
770 2025 857 2090 Nihil
869 2027 913 2090 cst

121 2130 222 2197 praeter
230 2117 527 2181 membranam-omni
535 2113 726 2176 vasculorum
733 2128 838 2192 genere
848 2109 912 2172 laxe

121 2201 322 2278 intertextam,
343 2201 374 2262 in
383 2208 441 2279 qu'a
455 2197 619 2259 estinfinita
632 2190 855 2275 propemodum
870 2194 914 2253 vi·

121 2281 453 2360 tellorun'rmultitudo,
473 2277 915 2360 quaeinacervumconglome-

121 2375 183 2423 rata
201 2365 337 2424 cernitur.
380 2362 403 2426 Ii
417 2363 484 2426 suut
499 2361 759 2442 rotundaefigurae,
779 2356 916 2438 &cujus-

122 2445 166 2506 vis
182 2445 408 2527 magnitudinis,
429 2447 519 2528 idque
533 2439 916 2510 interminimum&maxi·

122 2547 214 2595 mum
228 2529 345 2593 interest
362 2529 535 2608 discrimen,
555 2527 639 2610 quod
656 2524 697 2587 est
705 2527 780 2588 inter
787 2540 915 2607 granum

124 2610 252 2692 finapis,
272 2627 323 2675 aut
340 2615 430 2676 ctiam
446 2613 575 2689 decuplo
589 2610 690 2671 minus
701 2653 714 2685 „
732 2605 767 2668 ἃ
781 2603 914 2668 nudum

124 2696 209 2754 nucis
219 2695 255 2772 ju
277 2696 370 2758 landis
379 2709 428 2757 aut
435 2692 557 2770 mespili.

167 2790 219 2852 47.
275 2777 283 2834 i
299 2789 400 2836 autem
415 2775 523 2854 vitelli,
543 2791 607 2834 non
628 2770 695 2834 sunt
710 2765 913 2852 ¹perfedornm

126 2855 258 2949 ovorum
280 2856 353 2916 loco
377 2855 524 2936 habendi,
545 2854 595 2919 sed
607 2853 725 2920 tantum
737 2847 914 2991 primordia,

123 2950 127 2957 ·
420 2967 424 2975 .
867 2947 916 2992 sve

266 3025 282 3061 ⁸
300 3025 473 3091 RegndeGmss
