1928 3510
136 180 738 264 nentamndAnimanbas.C.V1.
786 176 832 283 9ss

34 301 78 359 ‚m
94 283 213 350 adtritio
221 282 300 346 'inter
313 295 360 345 tot
369 282 462 345 veluti
478 279 619 362 scapulos
635 285 838 355 vehementius

44 373 89 434 fit.
110 365 427 446 Adterunturquidem
434 363 499 442 ipso
506 364 562 427 usu
570 383 611 427 eae
618 371 839 456 prominentia,

45 453 98 518 sed
114 450 192 514 fibris
203 447 227 511 -ὲ
239 449 422 512 ωεηὼῐεῐια
436 447 841 537 nerveoaendinosasuppnl-

44 535 209 600 lulantibus
226 579 236 612 ‚
262 531 432 610 senslmque
446 529 843 614 obrigescentibus-reparan-

45 634 115 681 ·tur:
136 613 397 698 quemadmodum
409 611 531 674 adtritos
547 613 845 693 dentesrepaari-ex-

52 696 191 785 perientil
199 695 322 760 constat.
350 744 353 748 .

98 783 146 866 36.
167 777 352 858 Cavitatem,
371 798 437 858 quan
453 774 846 862 ellinterutramquemem-

51 870 199 945 branam,
219 862 390 942 recipiendo
407 879 594 944 granorum,
615 865 785 929 la‘illomm
808 888 846 932 ue
928 898 939 928 :

47 947 195 1013 demenso
211 957 419 1025 comparatam
432 940 541 1006 efferes
548 944 607 1024 ipsa
614 882 747 1011 aldendit.
776 885 846 1014 dixi·

54 1025 561 1116 gunproindeest,dc.instarri1nae,
582 1030 847 1095 neceumindsse-

54 1110 305 1194 panconstrina
311 1107 591 1189 musculofisfibris,
613 1129 651 1173 ne
657 1114 723 1190 plus
734 1114 766 1177 in
780 1134 848 1178 eam

54 1200 86 1261 in
106 1209 202 1259 eratur
217 1243 226 1275 ‚
247 1193 343 1275 quim
360 1188 524 1254 commode
539 1191 626 1255 fimul
641 1195 731 1278 digeri
744 1197 846 1274 potest.

54 1216 167 1345 Ngimio
181 1276 310 1341 inundo
323 1276 406 1354 cibo,
426 1275 569 1338 musculis
586 1278 622 1337 ab
631 1277 849 1343 officiocessan-

56 1363 154 1438 tibus,
175 1359 357 1440 quandoque
371 1356 499 1420 Gallinae
512 1360 657 1437 intereunt
674 1380 683 1435 ;
703 1362 787 1438 quod
801 1383 850 1426 ex-

51 1442 256 1506 traordinario
272 1442 328 1504 cibi
341 1439 489 1521 pondere,
509 1450 559 1502 aut
575 1438 798 1505 fimiliv'iolenta
813 1446 851 1508 de

54 1525 150 1590 causa
164 1526 228 1588 fieri
237 1520 350 1588 necesse
358 1521 416 1585 est..

106 1625 155 1692 37.
176 1607 230 1672 Ad
244 1608 275 1670 id
292 1605 377 1688 quod
384 1607 506 1668 cavitate
514 1606 684 1668 continetur
691 1605 774 1687 quad
782 1606 853 1672 adti-

62 1706 133 1771 net,
155 1687 365 1769 duplicisidest
372 1691 501 1771 generis,
521 1688 586 1751 esca
594 1707 718 1771 nempe,
739 1692 854 1772 aliique

64 1793 134 1855 qua
142 1776 220 1834 alere
230 1771 382 1835 Gallinam
389 1790 452 1833 non
461 1767 595 1851 poliunt,
617 1775 715 1852 qualia
729 1774 798 1839 sunt
814 1779 856 1838 la-

61 1857 156 1938 pilli,
176 1853 300 1918 frustula
314 1857 420 1934 vitrea,
442 1853 586 1917 &ferrea
625 1853 737 1936 Neque
745 1857 856 1923 temeri:

67 1937 442 2021 haecvidenturdeglunitc,
463 1939 643 2017 quippequae
651 1938 762 2004 suntad
771 1961 857 2005 com·
924 1944 928 1952 “

67 2021 214 2085 molenda
225 2022 313 2084 tritic'i
327 2019 739 2102 grauaadtritioneantiffima.
768 2022 857 2089 Nam

68 2121 137 2167 non
150 2100 270 2185 quosvia
286 2105 402 2182 lapillos
423 2149 433 2182 ,
461 2116 511 2164 ant
526 2103 641 2163 calcem
657 2103 783 2165 Gallinae
800 2125 859 2166 vo·
883 2154 885 2158 ,

64 2201 160 2266 nant,
180 2187 230 2268 sed
246 2184 413 2250 duriffimos
430 2184 587 2265 quosque,
609 2183 808 2264 splendentes,
831 2185 860 2248 dc

72 2270 272 2352 crystallinos,
292 2270 345 2349 qui
359 2268 518 2331 adterendo
533 2269 645 2331 nonita
657 2265 744 2330 facile
753 2268 861 2333 consu-

68 2366 207 2416 muntur.
754 2368 758 2378 ·

122 2432 171 2517 38.
192 2433 364 2496 incerniculi
384 2447 435 2498 nult
457 2433 626 2519 receptaculi
640 2435 864 2501 nomine.vcnit

70 2520 233 2582 ventriculi
247 2518 394 2598 fundum,
415 2516 560 2597 Pylorus,
581 2517 716 2579 cumsuo
730 2531 815 2577 antro
833 2516 863 2577 dc

76 2598 227 2664 intestinis.
265 2600 301 2663 ln
323 2601 373 2663 has
395 2601 477 2662 enim
499 2610 592 2676 partes
606 2599 795 2659 comminuta
814 2600 866 2660 ali-

70 2683 175 2746 menti
192 2679 281 2746 malla
302 2682 456 2760 concidit,
477 2678 507 2742 ἅ
530 2677 674 2742 ifurlurc
689 2677 718 2740 ὅ(
736 2679 866 2744 admistis
946 2695 951 2713 ¹

98 2764 240 2847 uisquiliis
268 2767 469 2845 percolatione
496 2774 644 2848 purgatur.
693 2757 745 2825 Est
766 2779 867 2828 autem

74 2786 177 2931 dylon'
191 2847 272 2912 sedes
287 2850 383 2927 elata,
406 2847 435 2910 n
455 2845 609 2909 descensus
624 2864 658 2908 ex
674 2865 712 2910 eo
727 2850 868 2929 mollior,

72 2951 114 2998 nc
137 2940 329 2996 manentum
350 2927 367 2992 ὲ
388 2932 473 2992 mola
494 2931 579 3007 praeci
599 2931 631 2993 iti
653 2930 735 3010 lapsu
756 2929 870 2995 excidat

72 3013 241 3100 antequam
255 3010 530 3078 commnunnnfie
601 3014 623 3079 .b
633 3013 663 3079 id
679 3015 763 3080 limes
779 3017 872 3155 etin}
