1928 3510
107 144 158 229 7⁶
206 136 307 217 jl-’.u
333 152 360 203 n
384 153 403 203 u
428 140 555 203 rec'ru
598 130 778 207 Ltulv.

100 248 159 311 ‚pet
171 226 417 307 Aortaeramos3
436 226 597 325 regreditur
605 225 768 304 percatae
777 232 901 297 rivulos.

101 310 322 391 ¹Conspicuum
337 311 397 373 hoe
418 308 459 373 est
469 328 504 375 m
518 311 713 388 pulmonibus
727 310 903 397 Ranarum,

106 397 214 477 quibus
251 397 342 459 etiam
368 390 418 465 est¹
445 395 553 457 unicus
582 392 679 456 cordis
708 399 901 462 ventriculus.

107 477 124 516 *
145 476 259 559 Aperti
273 472 378 555 Rani,
397 474 430 541 ,ἃ
441 476 750 560 etianmumniveme,
769 480 905 560 opeMi-

101 561 274 642 eroscopii,
294 559 445 643 sanguinis
460 560 599 623 contrarii
614 571 716 623 motus
724 579 896 627 cernuntur.

108 645 166 710 Per
186 646 321 710 ramulos
349 648 433 710 enim
461 642 571 707 atterite
588 643 621 704 in
638 645 791 722 pulmonis
808 650 901 711 varias

110 730 233 793 cellulas
247 727 387 807 delatus,
428 738 480 789 aut
500 744 548 787 eas
566 744 632 787 uno
647 730 695 787 vel
710 730 803 790 altero
812 748 905 792 ramo

102 810 285 892 patrarint,
309 821 364 879 aut
385 806 403 868 ὲ
423 808 513 867 ramis
525 806 727 869 ‚desinentibus
744 812 776 870 in
788 829 835 871 eas
853 811 906 874 de-

109 892 210 973 pluit,
248 888 278 950 &
291 906 345 967 per
360 886 438 947 smus
452 887 549 947 varios
578 888 801 951 circumductus
817 894 907 955 undi-

110 992 171 1055 que
184 971 326 1055 spargitur
341 987 351 1045 ;
383 968 482 1030 donec
493 967 614 1030 veniens
631 968 668 1030 ad
685 971 772 1049 loca,
792 974 823 1035 in
839 977 906 1055 qui-

111 1057 168 1121 bus
183 1052 363 1120 resorbentes
378 1067 525 1112 venartun
538 1052 613 1113 rami
628 1050 725 1131 hiant,
754 1055 851 1120 ineos
861 1059 907 1121 in-

104 1138 216 1218 ¹cidrtt,
245 1136 275 1198 ἂ
289 1134 330 1197 fic
349 1132 387 1196 ad
406 1151 460 1193 cor
474 1131 622 1195 referatue
663 1132 725 1197 Alii
742 1141 816 1200 rami
832 1151 906 1202 arte-

111 1221 224 1285 riarum
239 1219 307 1282 sunt
322 1232 396 1280 cum
409 1233 555 1277 venarum
562 1218 652 1280 ramis
667 1219 852 1301 naconem,
872 1237 906 1285 ut

113 1299 305 1369 Anastomon
323 1299 568 1383 conjungantur,
607 1299 637 1362 ἂ
657 1302 828 1367 immediate
844 1305 908 1367 san-

108 1387 227 1535 {dm
241 1387 352 1451 atteriae
366 1384 486 1449 ramulo
500 1383 532 1446 in
547 1400 631 1451 venae
641 1389 797 1449 ramulum
812 1385 908 1451 effun

153 1482 211 1538 im

161 1569 212 1633 24.
232 1553 317 1619 Hinc
333 1550 456 1632 quidem
472 1550 611 1631 colligere
618 1546 658 1611 est
666 1548 908 1634 sanguinemPis-

110 1639 202 1702 ¹cium
215 1653 280 1698 non
288 1634 401 1712 semper
413 1645 518 1694 toturn
530 1651 581 1712 per
595 1635 756 1712 pulmones
772 1634 908 1713 tranfire3

29 1716 34 1727 ’
116 1719 167 1786 sed
181 1715 262 1780 tanet
279 1715 363 1802 cupii
377 1712 415 1777 ei)
431 1714 576 1794 defertu,
598 1728 631 1778 ut
644 1716 675 1780 id
688 1716 773 1798 quod
793 1718 911 1798 respira-

111 1803 200 1869 ¹tione
215 1797 327 1878 trahit„
364 1816 429 1859 non
449 1799 607 1859 difficulter
626 1801 746 1878 reliquae
761 1799 909 1883 sanguinis

117 1878 215 1947 maffae
230 1878 382 1950 adsundat.
411 1876 544 1941 Plurima
558 1881 614 1940 alia
629 1897 694 1941 non
708 1879 911 1959 injucundam

117 1967 152 2030 iis
166 2013 176 2045 ,
204 1963 305 2026 riviris
321 1962 427 2025 harum
442 1979 543 2023 rerum
557 1958 688 2023 studiofis
708 2007 718 2040 ‚
759 1962 911 2026 observata

117 2048 204 2126 sunt,
225 2065 291 2128 quae
307 2046 451 2108 brevitatis
468 2040 555 2107 caud
570 2061 635 2104 non
642 2043 830 2128 adtingimus.
854 2045 912 2110 Su·

115 2130 211 2216 perest
225 2130 401 2207 dumtaxat,
422 2141 456 2189 ut
470 2126 507 2188 de
521 2127 829 2208 eortungeneratiene
840 2147 913 2209 pau·

120 2233 158 2278 ca
170 2213 309 2296 quedam
316 2211 469 2277 addamus.

164 2314 216 2374 25.
237 2294 316 2357 Inter
330 2291 450 2371 Pisces,
479 2288 741 2371 quemadmodum
764 2293 839 2355 inter
857 2290 913 2356 ser·

114 2392 247 2463 pentes,
267 2377 315 2439 alii
332 2375 400 2438 sunt
415 2374 552 2456 ovipari„
581 2375 630 2438 alii
644 2377 774 2455 vivipari.
815 2374 880 2459 Qui
899 2382 913 2457 †

118 2464 186 2546 ,pilo
202 2458 363 2527 vcstiuntur
378 2460 488 2522 animal
506 2458 645 2537 pariunt,
676 2471 711 2521 ut
725 2460 763 2521 ait
779 2457 915 2541 Plinius,

123 2561 158 2612 ut
172 2543 288 2627 Pristis,
305 2539 442 2622 Balenae,
464 2541 596 2605 vitulus.
617 2540 679 2603 Hie
695 2543 768 2620 parit
782 2543 916 2619 interm

120 2630 279 2710 pecudum
292 2646 397 2708 more,
418 2624 565 2688 secundos
579 2637 677 2702 partus
693 2622 797 2687 reddit.
838 2621 916 2686 Parit

126 2729 350 2788 nonnunquam
364 2708 488 2791 geminis
502 2710 618 2785 plures,
639 2703 805 2788 educitque
818 2723 916 2767 mum-

123 2794 185 2855 mis
201 2793 337 2869 fertum,
365 2806 422 2851 nee
445 2799 512 2850 ante
539 2786 758 2857 duodecimum
772 2790 856 2932 dien}
865 2784 917 2880 de-

858 2884 919 2933 uctt

158 2975 579 3052 *wwmbssndwm

158 3045 235 3112 tm.
244 3060 305 3103 rue.
315 3062 349 3110 ¹5·
