1928 3510
179 219 233 285 De
244 219 414 314 Corporein
429 223 556 285 (fenero
584 215 720 291 CXII,
773 215 853 314 ²83⁰

34 389 37 395 μ
98 330 127 391 9.
150 311 171 373 Ι.
196 311 312 376 Omnia
328 332 454 392 corpora
471 331 535 373 non
549 311 617 374 sunt
633 313 755 393 stupida,
776 317 858 396 quia·

29 412 31 418 ’
55 397 87 456 in
103 397 243 459 omnibus
267 399 440 475 corporibus
464 415 528 457 non
545 395 619 467 ¹sunt
644 399 791 473 particulae
805 397 849 459 su-

56 480 139 556 linae,
160 494 210 542 aut
227 480 332 542 saltem
348 499 383 540 ex
404 480 466 541 aliis
488 496 552 540 non
574 477 860 558 polluntseparari,

55 574 89 621 ut
105 559 192 624 salivd
208 562 307 625 dilutae
323 559 486 644 Linguam.
496 575 638 648 pungant.
660 559 767 623 Nullae
782 558 850 621 sunt

56 644 87 704 in
103 648 169 706 a'e're
183 644 212 707 dt
228 648 259 708 in
274 665 367 725 aqua,
394 642 492 706 modo
507 664 579 722 pura
592 645 653 704 haec
670 643 740 723 fint,
768 642 852 704 ideo-

55 744 114 806 que
127 726 229 806 sapore
250 729 453 791 destituuntur.
497 726 573 789 Sunt
587 728 712 807 quidem
730 727 761 789 in
782 728 865 803 lapi-2

55 808 140 871 dibus
155 810 339 890 &metallis,
360 823 394 871 ut
402 809 555 890 Chymicis
564 812 767 887 experimentis
776 828 852 870 con·

55 890 107 953 stat
123 913 131 968 ;
161 892 268 957 verum
284 915 318 956 ea
334 912 458 972 corporo
474 895 513 954 ita
529 890 685 970 comp-atla
701 892 791 972 sunt,
821 890 851 953 dc

53 974 171 1054 solida,
201 993 234 1038 ut
258 980 290 1041 in
305 996 384 1057 aqua
400 973 486 1038 coda
503 987 553 1036 aut
574 975 663 1037 fulivd
685 972 851 1038 madefudlo

53 1059 239 1135 nullomodo
253 1061 427 1138 solvantur,
449 1079 484 1119 ac
491 1057 617 1136 proinde
624 1062 714 1119 nullae
723 1078 758 1121 ex
766 1061 800 1120 iis
808 1057 851 1119 sa·

54 1142 122 1221 linae
136 1144 285 1219 particulae
299 1145 483 1220 evellantur,
504 1159 571 1221 quae
579 1136 734 1226 Linguam
743 1141 862 1204 adlice-1
910 1213 912 1216 ¹

56 1222 213 1304 repoffint.

100 1322 148 1368 ro.
172 1307 209 1368 ll.
236 1305 267 1370 Si
284 1307 342 1387 qud
356 1321 460 1371 tamen
468 1319 545 1385 arte,
564 1307 687 1385 liquoris
694 1306 768 1370 acidi
776 1323 863 1386 ope,

54 1388 210 1452 solvantur
237 1390 356 1470 insipida
383 1392 495 1472 alioqui
515 1407 641 1467 corpora
660 1402 692 1449 ut
714 1392 851 1466 metalla,

55 1471 216 1536 acidiffima
229 1473 360 1536 evadtnrt
375 1495 390 1551 3,
413 1492 479 1537 non
494 1471 732 1553 quodparticulae
748 1475 858 1534 meral-

56 1558 159 1620 lotum
173 1564 333 1638 acuantur,
354 1571 389 1620 ut
410 1557 552 1620 nonnulli
568 1566 689 1634 putant,
717 1553 864 1633 sedquia,

55 1639 178 1717 admista
198 1639 359 1703 acidiffirna
379 1640 448 1704 salia
467 1639 622 1712 metallico
641 1639 756 1718 pulveri
777 1633 853 1699 Lin-

56 1740 168 1805 guam,
188 1721 439 1803 salivtdilloluta,
459 1723 613 1793 adficiunt.
659 1719 704 1785 At
719 1719 742 1783 li
755 1721 863 1802 pulv-is·

56 1806 225 1867 metallicus
239 1805 348 1868 iterum
364 1806 520 1888 liquefiat,
544 1804 574 1870 dt
590 1819 729 1897 purgetur
745 1807 853 1885 salibus

56 1889 114 2033 {glis
126 1887 316 1970 adventitiis,
342 1888 639 1981 malsaminsrpidnnt
656 1886 770 1967 denuo,
780 1909 861 1967 con-t

78 1982 118 2033 at:
136 1986 152 2016 =-·

101 2068 149 2116 11.
171 2053 223 2117 Ill.
254 2054 352 2122 Calidi
369 2058 425 2120 cibi
441 2060 536 2144 magis
550 2059 681 2139 sapiunt,
694 2058 787 2139 quim
804 2057 854 2121 fri-

56 2138 136 2221 gidi3
155 2140 226 2218 quia
242 2139 315 2204 cum
330 2145 413 2205 calor
427 2143 460 2204 in
479 2144 660 2205 motuvario
669 2141 737 2202 litus
746 2140 779 2200 fit
789 2152 855 2218 ,ut

57 2219 268 2304 ostendemus,
291 2243 356 2287 non
372 2222 492 2303 poliunt
506 2227 655 2305 particulo
682 2221 779 2286 salinae
794 2223 854 2305 agi-

57 2304 128 2382 tari,
151 2307 223 2384 quin
239 2306 365 2386 aptiores
375 2307 430 2369 sint
439 2308 644 2370 concutiendis
653 2303 779 2390 Linguae
788 2323 855 2366 ner-

57 2387 125 2448 vis.·
136 2384 252 2452 Contra
264 2389 337 2453 cum
354 2388 528 2471 quiescunt,
548 2389 715 2460 autminus
726 2405 854 2451 moven-

57 2483 123 2549 tur,
144 2469 232 2536 salivt
248 2473 352 2551 solutae
367 2470 467 2535 minus
483 2491 591 2547 nervos
606 2486 741 2536 movent.
785 2468 866 2532 Cibi·

57 2555 148 2616 etiam
163 2553 310 2618 mdialio
323 2555 425 2635 sapore
440 2554 638 2635 praediti-sunt,
662 2557 731 2636 quia
741 2553 855 2616 todio-

58 2654 114 2716 ne,
136 2635 195 2718 qud
205 2639 342 2701 ciborum
350 2653 443 2719 partes
453 2638 633 2700 divelluntur
643 2634 867 2722 magis‚qudm,

60 2719 133 2781 cunr
149 2719 232 2783 crudi
249 2736 352 2800 erant,
381 2721 573 2801 expediuntur
593 2720 690 2783 salinae
704 2720 854 2798 patticulae

59 2802 297 2881 impedimentis,
325 2824 392 2884 quae
406 2806 540 2886 alioquin
554 2802 720 2886 impediunt
734 2804 855 2885 quomi-

59 2883 116 2949 nus
137 2881 198 2947 Lin
259 2887 539 2969 mserirequeant.'
932 2961 940 2967 ι

108 2981 154 3029 12.
225 3015 232 3028 .
253 2967 403 3049 saporum
419 2973 518 3035 omnis
532 2971 654 3034 varietas
663 2972 731 3035 oriri
738 2971 855 3034 videtur

61 3067 96 3152 tu
110 3049 248 3119 varietate
261 3053 362 3139 figurae
376 3052 483 3119 solium
491 3054 676 3128 diversorum
691 3075 702 3137 ;
729 3066 863 3197 qutebrlis
913 3060 922 3071 ’
