1928 3510
161 133 217 202 De
228 125 615 202 PlantisoAnimalibas.
640 129 737 207 cll
744 132 774 207 Ι.
818 158 869 232 45·

75 226 196 292 muscas
204 224 463 308 ejusdemspeciei,
487 225 572 306 cujus
621 225 872 298 steaeraminain-

77 312 118 375 de
128 312 295 374 evolabant.
335 309 437 390 Itaque
451 309 553 372 mense
567 243 666 390 ffiio,
687 311 718 374 in
725 314 791 377 vasa
797 336 871 396 qua·

77 409 149 457 tuor
157 392 437 474 ampliorisorificii,
449 390 577 456 immifit
584 391 870 480 serpentemunum,

80 475 171 557 pisces
186 478 300 557 aliquot
315 475 469 541 fluviatiles
485 522 495 557 ,
510 474 545 537 ·&
562 495 683 539 carnem
696 478 872 561 vitulinam,

81 562 174 640 eique
191 560 242 623 dili
262 571 344 622 enter
363 555 460 620 chatti
478 556 627 638 occlufit,
648 578 686 622 ne
700 563 763 623 ulla
778 560 879 624 subire

81 639 174 723 posset
188 662 224 705 m
257 660 302 713 en
339 639 419 703 Vasa
432 642 507 703 item
520 653 650 721 quatuor
663 643 719 705 alia
733 645 823 724 cepit,
842 645 875 706 in

81 723 280 805 quaeasdem
287 740 387 786 carnes
395 720 542 803 conjecit,
561 724 719 803 atquehaee
726 739 822 806 aperta
829 746 876 790 re·

81 809 175 890 liquit.
209 802 784 889 munitqueputrefaetabreviestcao,
806 807 874 874 &in

81 893 183 988 apertis
198 890 324 973 quidem
339 906 459 951 vermes
472 885 575 967 paullo
589 882 677 986 post,
697 889 769 955 clim
784 893 876 991 liberii

83 969 875 1137 suvlfflunnslelsvssiui

84 1142 249 1220 perplures
267 1137 386 1201 menses
400 1135 465 1202 Soli
474 1136 645 1200 mnrserum
657 1137 793 1217 exposita„
815 1137 878 1204 Pis·

84 1220 494 1366 ffilailoelllrsilffilin
509 1220 877 1369 “lfflfllllllll

85 1386 166 1448 tibus
182 1403 261 1466 aqua
276 1385 397 1464 limpida
410 1386 514 1465 fiebat,
536 1382 879 1465 nifiquodinsuperficie

84 1465 234 1532 tabesne&
248 1467 431 1551 pinguedinis
446 1469 570 1552 guttulae
585 1465 723 1546 quadam
737 1480 878 1537 natarent.

85 1547 132 1614 Ex
146 1549 285 1632 serpentis
295 1553 385 1613 etiam
394 1551 879 1631 cadaveremultaaquamanavit,

86 1633 138 1697 sed
152 1633 252 1712 ipsum
265 1632 551 1713 illasunremanlit,
571 1651 635 1695 non
649 1629 732 1696 sectis
749 1652 784 1697 ac
794 1632 818 1696 li
835 1652 884 1697 res

88 1733 162 1777 cens
183 1716 217 1777 in
236 1733 288 1778 vas
309 1715 484 1797 conjeetum
505 1712 608 1778 firiilee
650 1713 802 1801 Anguillae
814 1720 881 1781 evi·

86 1815 183 1896 guam
196 1816 279 1877 aquae
286 1801 405 1878 copiam
412 1800 593 1876 emittebant,
601 1797 652 1861 sed
659 1799 781 1862 tumidae
788 1799 880 1880 faelae,

86 1874 246 1961 amrffique
260 1880 375 1961 pristini
392 1879 505 1964 figuti,
525 1881 648 1944 tandem
661 1882 692 1944 in
700 1882 882 1965 glutinosam

86 1962 518 2046 quamdammaisamabibant.
557 1962 778 2027 Vitulinavero
793 1966 883 2029 exsic-

87 2059 155 2110 cata
169 2044 218 2108 est.
259 2043 372 2129 Neque
384 2047 439 2107 ulli
454 2065 603 2127 umquam
617 2048 648 2107 in
663 2045 883 2109 hiscecamium

88 2128 259 2275 {curribus
280 2127 406 2192 occlusis
421 2129 534 2193 vasibus
549 2128 713 2205 contentis,
734 2125 883 2206 conspeffl

103 2225 289 2275 untvermes

133 2289 181 2356 18.
202 2292 248 2357 IL
269 2293 384 2358 Similia
397 2295 549 2376 plurima,
563 2293 675 2359 eodem
689 2304 814 2374 eveum,
835 2313 885 2357 ex·

91 2377 253 2455 perimenta
274 2375 373 2440 sunita
394 2377 488 2455 sunt3
508 2377 538 2439 &
561 2397 600 2440 ne
619 2377 691 2458 quid
706 2378 885 2439 intentatum

89 2461 354 2538 praetermitteretur
369 2506 378 2539 ,
408 2480 472 2523 non
488 2459 578 2521 semel
593 2462 706 2538 aliquot
720 2457 809 2520 frusta
824 2476 886 2518 cat·

90 2543 137 2603 nis
151 2541 266 2605 vasibus
288 2541 402 2605 inclusa
423 2546 455 2606 in
469 2555 578 2603 terram
592 2540 702 2602 defoffa
717 2539 785 2599 sunt
800 2585 810 2617 ,
830 2557 887 2599 nec

93 2623 150 2684 ulli
164 2623 196 2682 in
202 2625 234 2686 iis
241 2627 370 2709 generati
384 2624 594 2700 suntvermes,
615 2617 887 2684 cumcarnesmus-

93 2705 604 2787 cisexpofitaesemperverminarint.

134 2800 183 2864 19.
206 2787 272 2854 ΙΙΙ
291 2789 372 2853 Non
389 2792 493 2875 exigua
510 2789 660 2851 vermium
667 2786 699 2850 in
707 2787 891 2852 bubulacar-

93 2888 131 2932 ne
152 2889 367 2956 generatorum
391 2874 478 2952 copia
499 2871 597 2934 occisa
618 2869 766 2935 distributa
791 2871 892 2953 postea

93 2951 132 3019 est
146 2955 180 3021 in
195 2954 261 3022 duo
276 2955 360 3037 vasa,
380 2974 514 3039 quorum
527 2974 626 3020 unum
641 2955 798 3035 clausum,
820 2957 892 3098 ἓξὲξ
