1928 3510
188 192 242 257 Da
259 195 388 285 Corpore
405 194 437 254 in
455 195 585 257 Genera.
610 188 643 259 C
671 187 757 263 XV.
812 211 879 286 329

90 303 217 346 omnem
232 286 316 347 illam
328 284 451 348 fluidam
465 285 618 345 materiam
632 286 770 346 camdem
779 285 808 345 in
816 303 881 362 par-

90 381 152 429 tem
169 369 258 445 verti,
282 368 331 467 spd
345 366 462 430 tantum
476 365 632 446 plerosque
647 367 880 448 cjusrnotusfie-

88 450 112 513 ri
127 449 158 511 in
175 450 316 529 sphaericis
323 449 547 531 superficiebus,
569 466 705 513 centrum
718 451 801 527 quod
809 448 881 512 dini·
925 517 931 524 ⁸

87 549 157 599 ntus
168 534 363 614 cingentibus.

132 627 159 686 7.
179 611 271 678 Ratio
279 631 380 681 autem
389 615 492 682 motus
508 617 655 679 circularis
663 613 726 697 ejus
736 613 879 690 materia,

87 695 163 763 inde,
174 701 262 776 petita
284 699 325 762 est
340 697 434 780 quod.
447 701 568 764 materia
584 699 674 763 fluida
690 713 772 760 certo
787 696 880 775 spatio

88 780 301 858 comprehensa
315 783 458 862 ,tacitns
473 785 512 845 ita
527 798 628 864 agatur
641 781 734 864 quam
748 780 880 843 motibus

85 858 188 937 rediis3
209 866 260 943 qui
275 863 325 928 fibi
339 865 469 929 invicem
484 865 688 944 adversantur,
709 861 880 942 &quidum

85 941 275 1010 reflectuntur
288 945 447 1011 neceffaric‘)
472 952 504 1012 in
521 949 677 1010 circulares
692 962 799 1009 motus
811 964 880 1007 mu·

84 1039 184 1092 tantur
190 1028 317 1106 ,modo
330 1033 453 1094 materia
468 1031 558 1094 fluida
572 1049 609 1093 eo
623 1029 738 1110 spatio,
759 1045 793 1093 ut
807 1030 880 1095 diui·

84 1125 155 1173 mus
166 1155 183 1188 ‚.
196 1112 270 1178 elabi
286 1128 430 1194 nequeat„

124 1187 153 1254 8.
176 1190 365 1262 videbuntur
381 1197 480 1260 etiam.
486 1209 589 1261 motus
603 1194 648 1258 illi
655 1194 827 1266 circulares,
847 1191 880 1254 in

84 1284 130 1336 tot
143 1275 237 1337 varias
253 1292 372 1355 partes,
401 1277 452 1341 libi
473 1275 756 1344 invicemcontrarii
776 1272 832 1338 effe
849 1273 879 1338 ἃ

83 1354 300 1434 impedimento
315 1358 419 1421 debere
435 1379 444 1435 ;
470 1358 521 1420 sed
536 1357 819 1436 summimateriae,
840 1357 880 1421 de

76 1457 144 1517 ‚qua
158 1442 335 1520 loquimur,
356 1441 546 1517 mobilitate,
567 1459 641 1503 cum
657 1440 721 1519 ejus
737 1443 879 1505 tenuitate

84 1517 264 1603 conjunffl,
284 1522 318 1586 fit
335 1537 367 1586 ut
380 1520 468 1587 facile
479 1524 880 1606 variasillasagitationespa·

76 1604 179 1672 tiatur.
201 1602 252 1668 Sic
266 1609 432 1686 cernimus,
452 1609 487 1668 in
502 1607 594 1668 vitrea
609 1606 720 1685 phiala,
740 1605 880 1690 agitatam

74 1688 373 1773 .²(Luam.innumeris
387 1688 488 1755 modis
503 1689 620 1755 moveri
637 1708 653 1769 ς,
675 1685 715 1750 est
728 1701 831 1750 autem
844 1687 880 1751 li·

82 1768 208 1851 quiditas
223 1769 347 1839 coetestis
360 1772 489 1837 materia
505 1769 624 1835 infinito
639 1767 880 1868 majorquitnli-

75 1842 208 1934 ‚quiditas
224 1871 323 1937 aqua,
345 1874 411 1936 quae
427 1851 620 1941 ctimconstet
627 1849 880 1938 pastibuscraffio·

81 1933 160 2003 tibus
176 1935 206 1999 ἃ
219 1938 373 2034 gravibus,
394 1957 524 2019 quarum
532 1938 594 2002 aliae
602 1937 664 2002 aliis
679 1937 878 2016 incumbunt,

81 2016 184 2088 multi)
207 2018 316 2104 pigritie
332 2035 474 2084 movetur
490 2040 499 2095 ;
530 2019 602 2085 cum
617 2020 740 2087 materia
754 2016 878 2082 coelestis

81 2100 320 2181 quaquaverstim
336 2100 483 2166 liberrime
498 2099 563 2165 acta
578 2148 597 2179 ,¹
606 2100 748 2168 facillir‘ne
762 2103 797 2164 in
808 2102 878 2161 alias

81 2196 175 2261 partes
191 2183 372 2264 reticentur,
396 2185 448 2248 seu
464 2183 590 2247 suorum
605 2181 875 2263 corpusculorum,

78 2263 133 2331 'seu
145 2269 275 2330 aliorum
289 2267 426 2333 occursu.
470 2265 567 2348 Quod
582 2264 634 2329 nist
649 2266 745 2344 fieret,
765 2262 877 2327 nonita

80 2346 169 2412 facile
194 2351 243 2411 a'e'r
264 2352 362 2412 motui
385 2346 536 2415 manuum
563 2348 731 2412 nostrartnn
753 2344 876 2409 cederet.

82 2428 141 2494 Sed
156 2434 294 2512 quamvis
305 2445 409 2495 motus
418 2435 574 2496 circulares
582 2432 707 2494 materiae
716 2427 876 2497 fluidaecir·

60 2534 63 2540 ⁴
82 2527 265 2594 catenam,
295 2513 446 2594 saepiffime
460 2516 521 2578 aliis
537 2530 724 2591 mutentur,
745 2524 875 2580 attamen

81 2596 197 2676 semper
207 2596 280 2661 vsuut
294 2601 393 2677 plures
409 2601 582 2675 circulares,
603 2597 772 2678 quamalii,
790 2592 876 2674 quod

80 2678 146 2742 satis
164 2677 213 2741 hle
228 2678 285 2749 effe
299 2681 424 2744 videtur.

36 2800 39 2805 ,
125 2775 155 2835 9.
177 2761 233 2823 His
249 2763 367 2844 politis,
395 2760 481 2826 facile
504 2759 667 2824 existimant
678 2758 732 2822 viri
751 2754 876 2821 acutiffi-

81 2844 126 2912 mi
148 2842 260 2913 ostendi
281 2843 360 2923 poffe
381 2843 439 2927 qud
465 2846 580 2908 ratione
607 2839 754 2924 ejufinodi
773 2854 877 2904 motus

82 2926 255 3010 gravitatem
271 2940 392 3006 creent,
414 2925 602 3011 &gravitatis
618 2926 812 3006 phanomena
827 2942 877 3011 er-

81 3008 199 3095 plicari..
216 3005 238 3069 Ι.
254 3006 285 3071 st
300 3011 373 3072 inter
387 3006 542 3078 materiam
559 3009 681 3074 fluidam
696 3028 761 3091 qua
776 3002 877 3101 inspa-

819 3099 881 3168 tio,
