1928 3510
41 108 164 219 'no
212 122 544 197 Pflustcuu
587 124 793 205 ΜΝ,

88 236 175 367 Hm.
186 216 337 301 ejnsssffidi
350 218 436 299 sunt,
455 238 523 301 quae
533 220 572 285 ad
587 219 702 293 retiam
715 228 891 307 tempfliffl

109 318 258 377 umorum
272 304 477 385 requiruntur,
498 302 528 367 δι
543 321 610 385 qua

88 384 164 463 piem
178 388 274 457 verbis
288 386 409 453 describi
425 382 564 468 possum
585 318 644 453 se?
656 408 831 471 numquam
849 396 890 467 ita
914 396 919 406 '

84 467 259 553 accurati,
293 482 328 533 ut
355 466 455 535 exuite
482 484 582 535 tenere
602 490 748 553 queamus
768 494 836 555 quae
855 476 891 547 fit

85 554 205 633 optima
226 554 390 637 taupeneu
448 551 729 635 Quemadmodum
753 557 811 623 soli
831 562 889 624 ho-

87 638 282 725 pologiorum
298 636 373 705 fabri
391 635 521 703 noscunt
540 636 666 721 fingulas
684 652 778 720 partes
805 688 816 722 ,
856 642 888 709 ἃ

86 725 298 805 proportiones
312 720 438 787 suorum
452 723 661 799 opificiomm
682 725 784 802 quales
795 742 890 804 opor·

88 816 131 867 tet
159 824 209 865 eas
236 802 295 865 effe
321 848 332 879 ,
371 816 405 865 ut
432 800 569 865 acctuate
594 803 681 863 horas
697 804 889 871 demonstret

85 894 151 955 tota
164 883 327 947 machina:
348 882 388 943 ita
405 882 428 939 is
443 878 542 956 solus,
585 881 790 941 uihumanum
806 903 887 948 con-

84 960 156 1028 fecit
172 977 296 1042 eorpus,
312 961 419 1021 omnia
434 956 471 1019 ad
485 957 548 1037 ejus
610 958 710 1023 'tatem
725 960 885 1033 neceffatia

93 1118 99 1125 ’
128 1145 179 1194 20·
205 1121 329 1189 Morbus
349 1119 453 1185 contri
472 1135 600 1187 vocatur
619 1126 730 1205 quavis
750 1134 883 1199 mutatio

82 1208 229 1277 contraria
256 1204 348 1270 solitae
376 1206 501 1271 humani
529 1209 661 1289 corporis
680 1208 881 1298 dispositioni,

78 1288 143 1373 qui
163 1289 331 1363 mutatione
350 1289 385 1355 fit
405 1302 439 1355 ut
460 1309 569 1373 cotpus
589 1311 716 1357 numere
736 1298 881 1377 quopiam

81 1390 149 1451 pon
168 1373 210 1439 ita
227 1371 416 1455 conunod'e,
435 1377 588 1440 autetiam
600 1378 786 1443 nullomodo
794 1380 880 1477 fungi

78 1452 178 1539 poffit
220 1454 316 1523 Prout
329 1471 431 1529 autem
445 1476 557 1521 munus
573 1458 649 1521 illud
664 1460 756 1523 totius
765 1462 880 1524 machi·

81 1558 130 1607 na
146 1540 362 1615 conservationi
380 1537 480 1603 mimis
501 1553 552 1603 aut
573 1540 667 1623 magis
683 1538 878 1608 neceisarium

79 1622 140 1701 est,
161 1641 200 1685 eo
214 1625 332 1706 gravior
346 1636 398 1688 aut
411 1625 506 1687 levior
517 1621 562 1687 est
578 1623 712 1687 morbus.
753 1620 786 1688 Si
802 1642 879 1688 con·

82 1706 176 1790 tingat
189 1718 304 1784 partem
318 1708 450 1787 aliquam
463 1703 879 1787 solidam&1iquidametiam

78 1788 249 1851 munorum
262 1790 450 1865 portionem,
469 1790 510 1850 ita
525 1789 694 1867 oomumpi,
715 1791 859 1852 autavelli
868 1810 878 1870 3

81 1883 117 1937 ut
137 1887 202 1933 non
221 1879 329 1931 noceat
350 1866 544 1944 temperiei&
557 1870 656 1931 motui
674 1869 875 1952 reliquarum,

80 1954 195 2019 lethalis
210 1949 328 2015 nonest
346 1949 478 2012 morbus.
520 1945 572 2011 Sic
587 1946 724 2009 videmus
739 1949 874 2031 brachia,

80 2056 168 2102 cruta
182 2034 239 2105 &o
259 2031 349 2099 secati
367 2030 426 2095 fine
443 2030 573 2093 hominis
593 2029 727 2109 interitu,
748 2031 874 2110 quando

80 2120 227 2218 contingit
255 2136 303 2181 eas
329 2112 512 2195 operationes
547 2110 565 2175 i
591 2110 695 2174 dextro
723 2110 874 2200 Chirurgo

80 2206 167 2283 fieri,
193 2214 232 2267 tta
247 2213 281 2267 ut
298 2200 415 2262 maium
428 2195 550 2258 nullum
564 2193 602 2258 ad
617 2194 686 2257 alias
702 2207 796 2273 partes
816 2198 876 2261 ser-

77 2301 146 2365 pat3
167 2283 198 2347 ἀ
213 2281 334 2362 quando
348 2278 537 2363 sanguisnon
551 2274 729 2358 effunditur,
749 2277 801 2342 sed
816 2300 873 2344 no

79 2386 151 2433 vam
166 2362 443 2446 quampiamviam,
463 2357 711 2441 perabscifforum
720 2364 873 2427 membro

76 2469 151 2517 tum
163 2460 318 2528 extrema,
337 2445 389 2510 fibi
404 2446 494 2524 aperit
506 2493 516 2529 ,
537 2462 571 2510 ut
585 2462 620 2506 en
634 2445 741 2507 arteriis
757 2463 808 2524 per
822 2465 873 2508 ve-

79 2555 133 2601 nas
146 2543 315 2599 revertatuu.
357 2527 390 2595 Si
405 2528 559 2627 contingat
574 2528 672 2609 augeri
687 2528 870 2610 aliquatenus

79 2632 206 2685 motum
219 2614 268 2681 san
313 2614 390 2694 nis,
412 2612 566 2675 liberahori
581 2620 657 2687 potu
669 2611 753 2692 vini,
776 2624 810 2674 ut
828 2624 870 2672 ta-

78 2718 153 2763 men
166 2698 257 2765 narius
293 2697 408 2773 ocfiat,
429 2690 790 2771 nonsummoperenocet
802 2689 868 2751 san-

76 2782 169 2861 guini.
178 2778 383 2874 ‘Potessetiam
396 2775 550 2861 temperies
562 2774 701 2860 paullum
715 2773 773 2842 tue
786 2790 868 2839 noxa

76 2873 195 2931 mutarn

644 309 812 374 eneralibus
823 332 903 403 qui:

736 3032 787 3089 21·
807 3015 869 3091 Sed
