1928 3510
131 198 188 265 De
202 191 326 262 Plantis
339 187 378 262 ὠ
392 188 608 262 Animalibus.
640 189 682 265 C.
692 192 739 269 V.
797 222 842 291 71

95 310 108 355 t
116 309 144 374 3.
166 288 249 354 Hinc
263 288 410 354 -aedibile
425 287 460 351 fit
475 335 485 366 ,
519 305 571 368 per
584 306 674 368 poros
690 288 848 357 Branchia-

46 394 138 456 rum,
159 387 252 455 partes
265 372 411 456 quasdam
425 375 524 435 aereas
539 372 571 434 in
580 389 706 452 corpora
715 372 855 442 Piscium

48 458 164 539 subite,
180 455 339 523 adebutiis
353 468 490 520 tumeant
506 475 516 533 3
536 455 785 539 quandoquidem
799 480 848 524 ex-

46 540 156 607 hausto
167 542 270 605 vicino
276 540 345 604 aete
381 556 418 602 ex
433 536 566 603 Piscium
581 557 708 621 conpore
722 542 850 606 bullae·

51 625 227 712 grediuntur
235 628 338 689 aeta
350 588 518 686 ¹litantem
535 623 691 706 cavitates,
710 644 762 707 per
776 643 851 705 quas

52 712 104 772 a'e'r
111 709 293 789 admittitur,
311 702 850 791 videntur'iiseslelocopulmonum3

53 789 521 876 &forteetiamiuacregaeditua
629 816 633 823 ·
818 810 823 875 j

100 895 147 959 ¹4·
175 875 375 965 Quamvis'in
388 872 535 955 plerisque
560 870 692 939 Piscibus
706 874 772 943 noir
784 895 852 959 ¹cer·

51 973 164 1025 nantur
178 958 364 1042 Pulmonis,
386 958 457 1039 quit
467 957 573 1021 aerem
584 962 700 1038 purum
715 981 780 1025 non
795 962 853 1026 dtr·

54 1041 853 1207 Rutilum-uliduttttunt

55 1212 85 1274 hi
100 1175 196 1275 Pisces
209 1211 244 1273 in
257 1174 382 1275 sumita
396 1226 473 1291 aqua
557 1226 591 1272 m
604 1210 781 1294 versantur,
818 1223 853 1276 ut

54 1296 157 1359 a’e'rem
173 1306 319 1373 captent,
356 1311 455 1375 neque
477 1291 628 1357 infundo
653 1294 705 1358 diu
730 1314 853 1379 manere

56 1374 188 1458 possunt.
216 1375 368 1439 Videntur
382 1379 479 1441 aerem
493 1376 688 1455 pulmonibus
703 1382 853 1461 excipere,

58 1458 168 1524 deinde
183 1476 295 1542 aquam
309 1458 429 1541 subire,
445 1458 513 1522 'sub
529 1477 589 1539 qua
607 1461 766 1537 paullatim
780 1456 854 1539 eum

57 1541 270 1691 εκΐρῐηηὲἓίπ
241 1546 342 1627 noque
354 1543 472 1624 prossus
480 1541 618 1622 reddito,
646 1541 685 1606 ad
699 1541 855 1607 summam

96 1646 188 1692 uamr
270 1674 278 1688 .
833 1650 836 1655 ⁴

57 1645 152 1791 aq15¹.
193 1707 293 1795 Digni
305 1708 373 1773 sunt
393 1707 550 1773 observatu
568 1710 730 1790 pulmones
753 1707 855 1775 Rana·

59 1790 855 1962 tantinitantustantus·

59 1959 168 2042 quibus
182 1924 345 2040 constant’,
373 1959 528 2039 pellucidae
549 1925 717 2026 oculos’in
736 1927 856 2027 intima}

59 2055 156 2124 partes
176 2061 243 2106 non
264 2040 341 2128 agre
363 2040 534 2106 admittunt.
574 2047 590 2079 *
605 2042 641 2106 In
654 2042 744 2108 Rana
765 2062 856 2131 ergo,

60 2122 148 2189 sciffo
158 2124 243 2207 juxta
256 2125 480 2210 longitudinem
496 2124 673 2207 abdomine,
693 2141 857 2207 erumpunt

62 2210 225 2289 pulmones
239 2211 394 2290 utrimque
408 2209 491 2273 cordi
508 2209 702 2286 adherentes,
723 2210 775 2290 qui
791 2226 858 2271 non

64 2304 99 2353 ut
113 2293 145 2354 in
159 2295 262 2357 ceteris
278 2295 455 2356 animalibus
471 2295 554 2357 illico
570 2292 771 2373 flaccescunt,
806 2290 857 2357 sed

62 2372 137 2435 tensi
148 2376 323 2457 perdurant,
352 2395 416 2458 quo
443 2376 477 2439 fit
492 2390 526 2439 ut
541 2376 595 2440 sub
609 2397 686 2457 aqua
700 2374 794 2440 Ranae
805 2380 859 2440 ali-

65 2457 210 2536 quamdiu
232 2479 354 2523 manere
377 2457 472 2540 poffit.
512 2457 616 2522 Primo
630 2462 757 2538 intuitu,
784 2461 859 2522 nihil

59 2538 149 2601 ,aliud
161 2537 218 2604 effe
230 2544 370 2607 videntur
387 2556 490 2623 praeter
504 2545 708 2605 membraneus
731 2539 859 2620 veficrs,

64 2622 195 2685 maculis
207 2626 311 2690 ordine
333 2625 474 2707 dispostis
490 2622 660 2702 diffinitas,
689 2637 724 2686 ut
740 2624 860 2686 corium

62 2701 173 2783 Piscis,
194 2711 244 2788 qni
258 2710 402 2797 squatina
414 2708 530 2772 dieitur.
570 2706 723 2806 Figura&
743 2706 861 2771 extitns

60 2788 290 2869 protuberantiis
305 2792 434 2856 nfnunt
448 2809 581 2872 pomum
594 2810 727 2873 pineum.
756 2788 816 2856 Sed
837 2788 859 2853 fi

63 2873 229 2939 accuratius
243 2923 253 2956 ,
282 2895 339 2956 ope
352 2874 567 2958 Microscopii,
588 2876 777 2958 inspiciantur
790 2896 860 2941 on.-

63 2956 144 3039 ttia,
198 2977 266 3023 non
293 2961 421 3024 maculae
448 2974 637 3044 cernuntur,
676 2962 728 3028 sed
754 2965 860 3106 ingegrss

797 3060 817 3106 v
844 3067 861 3084 ο

93 3127 109 3162 *
124 3130 587 3204 ammenepzntaunum.
