1928 3510
110 152 182 230 154
227 124 258 205 P
282 151 310 202 rr
335 154 362 204 n
387 155 404 204 s
427 155 442 205 r
466 155 494 205 c·
515 128 556 207 a*
598 134 695 209 Lm.
723 133 796 210 IV.

106 242 236 310 perram,
256 228 361 302 saitem
376 242 409 292 ut
423 229 556 311 videtur,
577 232 760 301 conferimus
773 234 900 298 cumdi-

104 311 208 374 stantia
224 326 376 393 comperta
391 328 400 389 ;
429 324 516 393 atque
531 313 600 377 inde
614 317 769 395 paullatim
785 364 794 397 ,
815 337 851 379 ex
863 320 898 381 iis

104 413 173 474 qua
181 397 339 475 novimus,
360 393 439 470 adea
452 410 518 476 quae
532 398 704 481 ignoramus
715 397 828 479 judicia
842 399 898 462 du-

104 478 231 560 cimus,
256 499 323 560 quae
341 477 609 563 suntfailaciffima.
652 479 702 544 Ut
716 484 821 560 enim,
844 485 900 545 cir·

104 578 145 624 ca
158 560 339 641 distantiam,
358 559 445 624 facile
459 562 592 626 fallimur
608 582 616 627 ε
636 564 676 627 ita
690 566 781 628 etiam
795 563 899 627 ficiam

107 645 348 728 magnitudinem
361 644 483 726 objeciis
498 648 663 710 tribuimus.
684 646 734 711 Sic
741 645 900 727 postquam

105 724 470 792 Astranoneffemurtum
476 742 592 790 remota
601 728 819 808 judicavimus,
835 748 899 808 per-

105 826 209 888 peram
221 829 285 872 non
292 809 392 872 multb
399 809 514 888 majora
520 807 675 888 eisequim
684 826 821 888 apparent
830 831 900 872 cen-

103 889 214 952 semus.
235 890 318 952 Hinc
331 891 421 951 eriam
436 891 486 966 fit,
498 904 541 949 ut
548 890 694 951 orientem
701 888 827 952 Lunam
833 911 901 953 ma-

102 971 205 1052 jorem
217 968 274 1033 effe
289 969 461 1048 credamus,
484 967 656 1048 quimcurn
664 969 703 1032 est
712 972 743 1032 in
752 969 899 1035 Meridia-

106 1072 168 1132 1103
189 1055 258 1135 quia
272 1051 345 1115 crim
355 1051 509 1114 videamus
525 1067 634 1133 magna
649 1065 794 1116 terrarum
808 1054 900 1132 spatia

106 1136 256 1199 inteream
271 1135 300 1203 a
315 1153 388 1211 nos,
409 1131 481 1195 curn
495 1135 603 1214 oritur,
613 1133 679 1213 fita,
692 1139 900 1216 remotiorem,

103 1218 241 1296 adeoque
256 1215 404 1297 majorem
415 1215 586 1298 judicamus
599 1237 608 1293 ;
629 1216 722 1297 quim
738 1217 856 1280 crimest
865 1220 897 1280 in

105 1296 296 1397 Meridiano,
313 1301 363 1364 ubi
379 1299 477 1381 major
486 1317 620 1380 apparere
628 1300 761 1382 deberet,
782 1303 851 1383 quia
858 1301 898 1364 est

127 1401 235 1463 ropror.

105 1401 125 1464 p
147 1486 195 1545 25.
216 1465 280 1530 IV.
301 1464 449 1531 Colorem
464 1466 570 1543 etiam,
590 1467 642 1544 qui
657 1465 698 1528 est
713 1466 902 1529 modificatfo

106 1546 223 1614 Mentis
242 1549 363 1630 nostra,
384 1546 506 1628 objeciis
519 1548 699 1627 tribuimus,
720 1547 804 1610 simili
819 1567 900 1611 erro·

105 1653 147 1695 re.
166 1633 251 1696 Cum
267 1635 349 1695 enirn
364 1632 480 1695 nonniii
498 1627 683 1711 presentibus
700 1629 821 1711 objeciis
838 1650 900 1692 coe·

105 1717 235 1794 perimus
250 1718 366 1777 colores
380 1715 504 1793 videre,
533 1710 762 1778 existimavimus
777 1732 828 1776 eos
845 1714 899 1775 ob-

103 1795 257 1876 jetiorum
270 1796 431 1875 superficiei
447 1792 535 1858 ineffe
550 1841 560 1874 ,
589 1794 661 1859 crim
673 1796 728 1858 fint
742 1799 773 1859 in
788 1796 872 1859 nobis
889 1816 899 1872 ;

106 1883 202 1952 urvel
226 1879 295 1940 hinc
316 1881 409 1958 liquet
429 1877 513 1957 quod
533 1878 725 1960 imaginando
745 1874 903 1955 poffumue

108 1959 303 2041 conspeciurn
318 1964 457 2024 colorem
471 1962 511 2037 ita
517 1957 618 2022 Menti
632 1959 898 2038 objicere,utprae-

103 2043 390 2124 sentemintueatur;
408 2044 489 2109 unde
497 2038 684 2106 manifestum
691 2035 794 2100 estesse
803 2035 898 2101 Men·

104 2129 139 2196 tis
155 2129 413 2197 modificationem
434 2146 469 2189 ex
487 2121 644 2188 occasione
663 2112 766 2182 motus
784 2123 893 2192 cerebri

101 2228 222 2297 ortam,
241 2235 305 2278 non
320 2211 507 2298 qualitatem,
522 2223 587 2283 quae
595 2202 755 2281 superficiei
764 2199 900 2282 objecio-

104 2316 175 2363 rum
190 2299 350 2376 adhaereat,
371 2290 431 2356 &i
447 2288 531 2351 nobis
547 2282 718 2349 immediate
738 2298 899 2366 cernatur,

105 2396 140 2445 ut
154 2381 249 2527 vulfo
264 2389 375 2460 putant.
409 2370 541 2475 Sed'hac
564 2368 646 2433 dere
662 2369 695 2434 in
709 2364 777 2432 Lib.
786 2366 828 2428 V.
849 2370 903 2432 ubi

213 2465 314 2525 oribus.

105 2465 199 2612 dego
217 2538 467 2610 ProximusVisui
483 2535 582 2602 seirius
598 2534 790 2614 estAuditus,
814 2531 901 2614 cujus

107 2647 257 2714 organum
264 2629 303 2693 est
311 2627 418 2705 Auris,
437 2618 723 2707 obje61umSonitas.
745 2614 797 2680 De
816 2635 901 2710 orga-

104 2729 148 2773 no
165 2717 263 2789 paucis
279 2711 445 2795 agendum,
467 2702 572 2791 deinde
587 2700 624 2762 de
641 2697 769 2780 objeeio.
808 2697 899 2761 Auris

104 2804 345 2871 externaepartcs,
363 2790 458 2852 oculis
467 2780 621 2862 subjeeiae,
634 2782 827 2862 descriptione
835 2795 899 2840 non

105 2873 254 2952 indigent;
274 2872 324 2934 sed
340 2870 412 2932 arm
427 2869 509 2928 oculi
525 2884 588 2928 non
596 2863 703 2943 poflint
712 2866 748 2928 ad
758 2863 901 2926 intimum

104 2955 235 3020 caritatis
254 2973 321 3036 quae
336 2954 463 3017 cernitur
477 2946 623 3014 recessum
634 2947 800 3031 pervenire,
820 2959 899 3088 οξυζ

856 3044 885 3087 ur
