1928 3510
80 119 154 215 278
216 120 538 195 Purrsrcn
586 108 770 221 ΜΒΝ,

78 237 141 300 quo
166 233 207 278 eae
229 229 324 296 partes
345 217 473 298 praeditae
495 218 564 281 sunt
580 216 610 280 ἃ
624 237 688 299 quo
702 218 912 303 punguntur='

79 310 164 362 cetto
187 300 284 365 modo
309 299 455 365 olfa&orii
479 301 571 363 nervi.
614 298 706 386 Igitur
721 303 742 363 fi
758 304 878 366 intenso

78 383 171 446 caloni
186 386 352 464 exponatur
366 384 513 464 ejusmodi
530 401 657 463 corpus,
679 397 730 446 aut
736 388 880 449 ..evehun-

77 476 241 532 turomnes
251 469 464 548 eaeparticulae,
485 479 536 529 aut
544 465 682 530 frictione
696 466 804 530 mutui
823 471 894 533 on>

75 550 420 628 tundunturacuminffi
441 550 548 629 quibus
556 551 642 612 rebus
651 551 684 612 fit
699 562 733 612 ut
749 569 877 632 corpus,
888 599 896 606 „

78 634 163 714 quod
186 647 270 697 antea
291 632 436 712 foetebat,
465 644 517 695 aut
538 636 707 695 tenuiorem
723 633 877 712 odorem,

78 729 129 778 aut
143 718 234 780 etiam
248 718 370 777 nullum
384 717 515 778 emittatnv
528 713 579 778 Sic
587 715 723 776 videmus
733 715 887 795 cadauera,

77 800 255 860 animalium
269 796 336 858 Soli
348 797 491 876 expofita,
500 795 610 874 primo
624 796 773 858 teterrime
788 797 879 858 foere-¹

77 898 123 955 re,
145 879 251 938 deinde
267 878 307 935 ita
323 877 473 954 exficcari,
495 891 528 936 ut
543 877 628 936 omni
643 876 738 936 odore
747 888 875 949 careant3

76 954 226 1102 orahausti,
249 957 418 1037 nimirum,
446 952 618 1041 autobtusi
640 951 765 1017 odorata
780 967 878 1018 mate,

76 1059 128 1103 rr.
703 1055 706 1059 ·

120 1117 167 1203 1'5.
187 1121 229 1182 V.
253 1116 381 1199 Floret,
410 1136 544 1200 quorum
557 1119 654 1182 tenuis
670 1118 783 1201 alioqui
799 1119 877 1184 solet

76 1201 134 1267 effe
147 1204 242 1283 odor,
263 1204 386 1282 quando
402 1204 432 1264 in
447 1204 548 1283 aprico
554 1205 635 1264 :loco
652 1218 785 1282 crevere,
807 1208 878 1266 nui·

76 1288 203 1350 iumaut
211 1284 417 1349 tenuiffimum
424 1285 554 1349 odorem
561 1285 721 1362 emittunt;
741 1287 810 1366 quia
819 1285 878 1350 So-

28 1416 37 1431 .
76 1364 314 1432 lievehementii
328 1367 454 1431 odorata
467 1369 520 1432 illa
533 1369 653 1431 effluvio
670 1414 679 1446 ,
708 1387 774 1448 quae
791 1388 826 1431 ex
842 1371 879 1433 rie¹

78 1453 236 1516 elabuntur
248 1476 268 1532 -,
288 1451 407 1530 prorsus
419 1450 554 1515 exhausta
575 1451 722 1529 videntur.
762 1448 894 1515 Contri-

78 1535 103 1597 fi:
118 1537 150 1599 in
166 1538 272 1598 umbra
288 1535 456 1615 creverint,
485 1532 558 1597 cum
572 1530 674 1597 evecta
691 1535 742 1595 illa
755 1537 881 1598 materia·

78 1619 222 1682 nondum
235 1615 372 1681 exhausta
386 1615 420 1679 fit
434 1663 444 1696 ,
471 1616 697 1702 flagrantiorem
711 1615 886 1682 odoreme*

78 1705 211 1764 mittunt.
237 1714 240 1718 ·

125 1784 174 1843 16.
201 1782 262 1844 VI.
284 1778 400 1843 Eadem
408 1781 576 1857 deratione,
593 1785 878 1864 graveolentiumo-

80 1865 136 1926 dor
151 1865 311 1926 intenditur
328 1865 426 1923 calore
441 1864 531 1939 a'e‘ris,
553 1862 629 1924 duin
649 1863 718 1924 sunt
737 1867 767 1926 in
784 1867 817 1926 iis
833 1885 889 1927 re·—

79 1947 273 2009 bus'odorata
281 1943 473 2023 corpuscula,
494 1943 656 2024 quiaplura
666 1956 740 2005 tunc
748 1947 880 2009 evehun·
908 2011 912 2021 ,

79 2039 137 2092 tur.
179 2029 301 2093 AEstatis'
316 2030 414 2105 calor,
437 2026 513 2088 dum
528 2023 641 2087 divellit
648 2028 804 2102 particulas
814 2047 879 2090 car-

80 2115 184 2191 nium,
205 2113 346 2192 plurimus
362 2110 479 2188 evehit,
499 2108 604 2188 quibus
624 2106 892 2170 naresoffendun-·

81 2209 146 2272 tur3
166 2197 256 2280 frigus
265 2193 355 2271 vero,
377 2211 439 2272 quo
448 2192 541 2272 magis
550 2188 721 2270 quiescunt,
741 2204 792 2253 aut
800 2190 881 2253 odo-

80 2299 146 2342 rem
160 2280 345 2358 rninuit,aut
352 2272 439 2353 plane
447 2275 548 2336 tollit:
571 2273 640 2351 quia
646 2284 720 2334 tunc
735 2276 884 2352 temporis,

83 2376 134 2425 aut
145 2363 319 2442 pauciores,
337 2370 387 2420 aut
403 2353 891 2437 nullaearnpliusvolitantodota--

82 2459 118 2508 tae
134 2445 293 2524 particulo.

129 2543 175 2608 17.
195 2526 280 2589 VII.
303 2523 362 2588 Pro
378 2526 516 2587 varietate
531 2541 737 2605 organorum,
768 2516 887 2585 necesse·

82 2607 612 2675 esthominesvarieodoribusadfici.
655 2606 718 2669 Alii
734 2608 796 2668 aliis
815 2603 882 2683 pos-

82 2694 150 2757 sunt
158 2697 262 2758 habere
271 2694 419 2757 tenuiores
428 2708 535 2753 nervos
548 2685 742 2769 olfactorios,
763 2685 886 2750 succus·

81 2795 141 2856 que
151 2797 215 2856 quo
231 2771 540 2858 nerviturgentpotcst
549 2768 605 2831 effe
618 2774 735 2851 varius,
758 2791 815 2834 nec
831 2788 882 2832 eo·

83 2858 153 2929 dem
168 2861 265 2922 modo
282 2860 472 2921 subeuntibus
489 2856 635 2934 particulis
659 2856 745 2917 adfici
763 2877 772 2934 3
802 2853 884 2916 vide-

83 2961 151 3013 mus
167 2942 248 3012 euim
260 2960 294 3009 ex
303 2942 388 3011 variis
401 2932 528 3009 misturis
547 2938 644 3007 varios
660 2938 758 3011 nasci..
793 2937 891 3083 Igitr}
