1928 3510
116 183 165 263 28
221 181 818 256 Pnust‘-0AEL11³.IV.'

114 276 224 343 militer
236 277 374 360 videmus
396 281 500 345 omnia
513 275 688 340 Plantarum
702 277 770 340 vasa
784 277 915 343 insolide

114 356 243 435 definere
259 406 268 440 ‚
288 374 322 423 ut
337 380 387 440 per
402 364 453 427 illa
466 361 629 437 superfluus
646 361 756 422 humor
770 363 908 426 exundet

112 440 438 590 Pumnndutjncuta
460 443 500 508 fic
511 442 629 506 infoliis
638 489 649 522 ,,
665 444 720 523 pili
728 446 823 527 exigui
833 463 909 508 con·

121 539 284 606 preruntur.

152 624 204 673 20.
221 603 270 670 Ea
277 605 464 689 conjeuura,
477 612 614 674 examine
624 609 800 673 animalium
807 610 909 673 minus

113 684 316 781 perfedorum
361 693 472 759 firmari
495 692 597 775 potest.
638 690 762 756 Constat
778 691 907 773 Meda,

114 739 464 856 quaeproximed'lautis,
486 778 518 839 in
529 776 707 839 Viventium
715 776 837 855 ordine,
858 776 908 838 su-

114 858 228 946 periora
240 855 327 932 sunt,
347 855 391 919 sat
404 874 550 940 magnam
563 856 697 918 humoris
711 859 831 932 copiam
846 858 908 920 cuti

114 938 247 1001 vicinam
261 935 390 1013 habere5
411 935 441 1002 dt
456 951 521 1000 tam
533 936 607 1016 saepe
624 936 772 1013 deponere
787 947 906 1016 cutem,

113 1029 166 1085 aut
180 1014 286 1080 saltem
298 1016 465 1082 cuticulam.
498 1034 531 1082 ut
543 1021 575 1083 in
589 1030 728 1099 perpetua
741 1022 908 1083 mutatione

114 1097 172 1167 effe
185 1099 349 1165 videantur.
390 1097 441 1164 Sic
457 1066 570 1166 dlmtae
584 1103 743 1182 quotannis
756 1101 909 1182 ffliaabji·

116 1187 216 1263 ciunt,
237 1181 541 1264 autfinonabjiciunt
549 1185 660 1250 intraid
667 1196 802 1265 tempus,
822 1185 907 1265 quod

115 1264 267 1345 insemper
282 1266 422 1329 viridibus
438 1270 589 1349 cernitur,
618 1269 650 1331 in
665 1268 830 1348 quemdam
844 1291 907 1329 ma-

114 1349 242 1431 rasmum
256 1351 470 1430 prolabuntur3
492 1352 600 1435 quotfit
614 1365 647 1414 ut
660 1349 907 1433 astatesequcnta,

114 1430 363 1504 fitccrescentibus
370 1437 456 1500 novis
464 1439 537 1502 loco
545 1435 658 1500 cedant.

154 1536 205 1583 21.
228 1514 290 1580 lv.
311 1517 460 1585 Videntur
474 1522 511 1582 ab
524 1512 909 1593 ommumrerumOpifice

116 1621 182 1670 uon
196 1602 254 1663 alia
268 1600 307 1662 de
320 1598 407 1667 causa
421 1600 480 1661 dati
497 1600 647 1662 arboribus
653 1598 746 1675 rami,
766 1595 859 1676 quam
874 1611 908 1659 ut

114 1691 255 1768 generent
265 1678 358 1742 veluti
373 1698 450 1760 ova,
470 1680 648 1745 undenovae
661 1676 771 1742 letae
785 1677 909 1743 nascan-

114 1780 172 1839 tur.
211 1758 274 1824 Hos
286 1758 327 1823 est
341 1764 432 1827 veluti
447 1776 548 1828 uterus
563 1812 574 1846 ,
594 1765 646 1848 qui
661 1781 762 1827 eaova
774 1764 909 1841 comple-

116 1843 221 1926 ctitur,
243 1841 340 1925 &qui
353 1847 426 1912 eain
433 1849 534 1910 ae'rem
541 1847 597 1911 suo
605 1860 739 1927 tempore
746 1846 814 1910 edit.
854 1845 909 1908 Vi·

117 1930 201 1993 cinus
225 1925 266 1989 est
288 1944 433 2011 gamma,
453 1928 483 1992 u
507 1949 559 2010 per
579 1931 718 2011 hyemem
740 1928 800 1989 una
820 1928 908 2007 latet,

116 2013 216 2080 donec
230 2007 330 2072 astatis
346 2014 445 2077 calore
461 2012 642 2076 excludatur.
684 2010 721 2077 In
735 2008 909 2073 Plantarum

64 2162 67 2169 ,
116 2089 347 2175 fimpliciffimis,
368 2092 639 2174 prunumnccurrit
651 2111 789 2177 gemma,
808 2093 909 2172 inqua

116 2183 187 2244 latet
201 2176 305 2242 semen
320 2178 414 2239 ovatis
429 2177 530 2262 figura
549 2225 559 2257 ‚
580 2176 717 2274 quamvis
737 2172 801 2253 ejus
821 2193 910 2256 carn,

115 2263 168 2328 seu
175 2259 398 2404 pericarslssum,
419 2257 491 2322 cum
506 2262 639 2338 primum
651 2257 798 2321 formatur
814 2301 823 2333 ‚
844 2272 911 2320 non

116 2354 258 2426 appareat.
325 2342 386 2406 olda
393 2342 560 2422 involucri,
580 2360 643 2423 quo
657 2339 911 2423 gemmategitur,

116 2421 371 2511 palmirenus,
391 2424 471 2504 quafi
490 2427 607 2489 corticis
617 2421 819 2501 continuatio,
841 2440 911 2501 pro-

117 2513 218 2578 deunt.
263 2504 366 2588 Atque
394 2508 464 2571 hinc
493 2522 601 2573 exeunt
624 2508 704 2571 floris
725 2505 822 2585 folia,
843 2524 910 2585 quae

117 2593 254 2662 constant
276 2593 368 2655 etiam
389 2592 557 2658 ,ertenfione
579 2593 722 2654 fibrarum
744 2590 908 2672 ligneamm

9 2683 13 2691 '
117 2677 379 2756 &trachearum,
407 2676 553 2756 variisque
579 2675 780 2735 utriculorum
800 2671 902 2735 ordini·

116 2761 183 2824 bus.
221 2754 311 2819 Circa
339 2775 375 2818 ea
396 2756 470 2820 folia
492 2756 659 2834 tuberculi,
680 2752 736 2816 fun
757 2772 848 2816 orum
866 2755 896 2815 in

117 2839 190 2920 star,
210 2834 446 2917 conspiciuntur,
467 2853 519 2902 aut
529 2839 580 2918 pili
595 2839 646 2919 qui
654 2771 807 2899 viscodum
814 2836 893 2913 liquo

116 2940 184 2988 rem
197 2930 338 2983 vomunt.
381 2916 465 2983 Hinc
478 2923 569 2984 etiam
583 2919 745 2984 nascuntur
761 2918 888 2981 filament

117 3003 343 3084 &columellae,
364 3020 431 3086 qua
445 3003 883 3075 inmediisfloribuscauuntur
