1950 3526
123 188 189 262 eqo
237 162 266 234 Ρ
291 185 320 234 u
347 189 376 238 r
400 189 419 239 s
445 192 468 240 1·
490 191 575 240 σε
625 164 807 253 [ΑΒΝ.

118 262 174 337 tio,
204 259 289 339 quod
304 261 432 326 diximus
447 311 467 343 ,a
487 263 695 347 circumagitur
707 311 729 342 ‚,
745 262 910 344 smtpartcs

115 339 216 404 multu
232 342 403 425 craffiores,
431 344 489 409 five
510 347 694 426 corpusculis
710 348 772 410 aliis
792 348 869 411 inter
881 348 910 411 se

115 423 266 504 implicitis
283 426 473 510 constantes,
493 429 646 511 partssque
662 431 720 492 illae
735 428 910 493 tenuiffimae

115 511 245 572 materiae
259 526 382 573 motum
395 531 460 574 nou
474 512 649 592 sequantur,
671 509 832 575 necessario
847 531 921 575 ver-2

117 589 165 654 stis
178 606 315 656 centrum
330 593 433 657 motils
447 595 638 659 detrudentur
652 643 662 674 ,
692 594 912 659 &formabunt

115 676 243 819 qlobum
257 673 408 757 Telluris,
429 676 449 739 fi
466 677 509 740 sat
522 696 771 764 magnonumero
787 676 859 756 fint,
881 677 911 740 dr

150 761 225 820 ellus
252 758 393 823 nondum
419 761 548 824 formata
574 759 630 823 effe
650 759 797 822 statuatur.
839 758 921 822 Hu··

112 838 163 919 jus
178 842 217 902 rei
239 841 344 902 eadem
365 844 439 904 ratio
454 843 517 921 est,
544 843 600 921 qui
626 843 660 903 fit
679 856 712 903 ut
736 840 815 902 Cera
831 843 909 902 circa

116 935 252 982 centrum
268 921 340 982 valis
355 924 452 1004 agitati
468 927 565 984 coe'at.
604 922 696 1002 Igitur
712 922 838 1000 gravitas
859 923 915 980 ni·-

113 1001 152 1062 hil
173 1000 241 1064 esset
261 1015 367 1081 praetet
386 1015 530 1064 conatum
557 999 729 1064 tenuiffimae
756 1001 919 1080 materiae‚.

114 1104 181 1165 quae
200 1087 276 1148 cirea
284 1099 421 1148 centrum
434 1082 567 1148 Telluris
582 1083 760 1147 circulariter
771 1101 909 1163 quaqua-

108 1165 234 1231 ·versum
249 1169 415 1251 agitur„ut
427 1168 589 1231 recedatab
607 1185 645 1230 eo
655 1178 782 1245 centro,
803 1168 911 1245 pellit-

114 1270 173 1330 que
179 1249 279 1313 versus
285 1249 315 1312 id
330 1262 470 1314 centrum
477 1249 613 1314 crassiora
621 1268 757 1330 corpora,
766 1267 833 1330 quae
839 1267 908 1312 mo·

105 1345 180 1394 sum
193 1331 284 1396 suum
291 1351 357 1396 non
363 1333 537 1416 sequuntur.

157 1433 206 1480 10.
228 1415 266 1480 Π.
311 1415 396 1482 Cum
417 1437 451 1481 ea
473 1420 595 1482 materia
608 1415 641 1480 fit
655 1415 847 1496 summopere
864 1428 909 1478 te·

115 1500 203 1581 uuis,
219 1500 292 1564 inde-
305 1500 516 1564 fit-utfnullius
532 1501 664 1581 corporis
680 1503 745 1563 noti
758 1497 914 1577 interpofi·

108 1584 158 1646 tio
172 1585 237 1647 vim
252 1585 401 1667 gravitatis
414 1582 507 1647 sistere
521 1597 618 1666 queat.
661 1582 811 1648 Videmus
826 1582 922 1644 enirm·

115 1682 242 1744 corpora
255 1667 355 1752 gravia
370 1665 470 1730 clausa
482 1667 682 1751 intraturum
695 1676 709 1748 ζ
736 1679 788 1730 aut
805 1665 911 1729 metal-

107 1747 199 1826 ium,
219 1762 271 1810 rut
284 1749 413 1833 quodvis
428 1748 509 1812 aliud
524 1768 631 1828 corpus
640 1749 758 1829 semper
770 1766 806 1812 ex
821 1762 919 1828 aquo.

108 1830 212 1916 'gravia
226 1827 292 1895 esse·
335 1828 469 1909 Scilicet,
488 1830 655 1894 tenuiffima
668 1833 736 1907 illa,
757 1847 852 1909 quam
867 1829 911 1894 di·
943 1855 956 1865 ³

109 1912 233 1987 ximus,
260 1911 406 1989 materia,
433 1914 611 1990 quorumvis
633 1929 796 1990 corporum
817 1912 908 1973 etiam

112 1988 369 2072 solidissimorum,
389 2009 479 2070 poros
496 1992 584 2058 facili
599 2006 744 2073 permeat,
777 1990 807 2052 ἃ
822 1991 915 2071 aeque'

110 2071 199 2138 facile
214 2093 250 2138 ac
264 2093 354 2154 poros
369 2076 441 2139 ae'ris
458 2097 467 2154 ;
500 2074 780 2158 ideoqueclausum
795 2090 920 2154 corpus.

112 2159 189 2223 intra
203 2158 283 2229 aliud
296 2157 423 2240 quodvis
439 2159 528 2240 aeque‘
545 2158 578 2222 el
605 2157 726 2221 materil
752 2156 908 2238 adficitur,

113 2239 183 2303 acfi
196 2242 228 2305 in
243 2244 308 2304 ae're
321 2239 467 2321 penderet.
506 2241 719 2306 Haecmateriae
733 2237 907 2329 tenuiffunae

110 2343 165 2405 per
176 2341 266 2404 poros
287 2323 379 2388 facilis
400 2328 567 2404 permeatio.
581 2323 738 2390 manifesto
762 2324 855 2403 liquet
871 2341 918 2388 en..

115 2427 152 2470 eo
167 2406 252 2489 quod
267 2454 277 2484 ,
305 2405 357 2469 nist
373 2407 432 2468 hoc
444 2405 513 2471 esset
528 2458 537 2489 ,
566 2410 661 2489 phiala
674 2409 766 2470 vitrea
780 2419 916 2488 aequaret

112 2490 232 2571 pondus
250 2485 398 2568 compadi
419 2495 552 2571 corporis
573 2491 707 2573 ejusdem
727 2488 915 2572 magnitudi-

111 2574 177 2655 nis,
197 2570 341 2637 imovero
348 2575 452 2638 omnia'
459 2594 586 2656 corpora
597 2574 690 2640 solida
705 2571 787 2654 aeque
804 2572 903 2655 gravia

116 2655 231 2738 essent,
269 2676 468 2738 quacumque
493 2660 611 2722 molem
630 2674 731 2735 parem
752 2657 905 2730 haberent3

116 2756 189 2799 nam
203 2759 238 2802 ex
252 2743 340 2802 allata
354 2737 487 2804 Theotia
501 2739 628 2820 cujusvis
642 2740 773 2818 corporis
781 2737 906 2821 gravitas

116 2817 155 2884 cst
169 2838 223 2897 pro
239 2825 326 2898 copia
339 2825 465 2895 materiae
481 2822 592 2902 fluidae,
613 2841 679 2903 quae
694 2821 757 2903 ejus
773 2824 846 2884 loeo
860 2818 915 2882 su·-

117 2903 230 2990 periura
238 2905 333 2993 petis,
421 2938 426 2946 -

794 3083 841 3133 ιι,
864 3063 933 3136 ΠΙ
