1928 3510
91 41 160 106 160
195 30 524 103 Pnustcau·
567 26 765 103 Lunlls.

85 123 183 189 minus
205 141 265 203 per·
280 127 451 190 arteriarum
479 142 580 204 poros·
596 122 760 190 subtiliores
782 138 881 204 parteo

83 207 231 290 sanguinis
239 223 411 288 erumpant,
431 207 625 285 iuvenculas,
647 226 721 287 quas
730 208 881 288 diximus,

82 286 214 353 subeant·
257 289 362 365 Praeter
379 290 621 369 hunesuccum,
642 307 692 368 per
703 310 876 354 ramosner-

82 387 210 452 vorum,
231 372 468 454 quaquaversum
481 373 572 436 etiam
585 371 722 452 sparsos,
749 375 805 436 alia
825 375 876 438 ad·

81 469 183 520 ventat
198 459 319 518 materia
333 460 450 519 tenuior
466 455 495 518 &
510 457 703 519 commotior.
733 454 809 519 Haec
824 477 878 519 au·

83 548 147 601 tem
169 539 257 618 priori
278 537 387 617 mista,
415 537 579 601 &subiens
598 540 688 600 etiam
709 538 873 619 veliculas,

83 619 220 699 perpetui
241 622 371 701 quadam
391 623 562 684 ebullitione
589 639 637 682 eas
665 620 770 698 inflat,
799 622 876 684 dum

83 703 156 765 vivit
171 705 281 766 animal
297 724 306 778 ;
339 703 472 780 &prout
494 699 641 779 diffipatur
657 719 708 777 per
723 701 875 780 transpirat

82 783 214 860 tionem,
233 797 380 860 reparatur
394 802 445 859 per
459 800 573 842 novam
589 780 775 842 adfufionem
784 801 819 842 ex
828 803 874 846 ar-

82 863 322 927 teriis2&nervis.
360 860 411 924 Sic
429 864 546 923 vivente
570 861 717 938 animali,
748 862 876 925 inflatio-

81 963 126 1007 res
150 944 179 1008 ἃ
201 944 333 1007 duriores
346 941 415 1003 sunt
436 943 549 1020 semper
563 939 693 1004 musculi
711 961 721 1017 ;
749 960 875 1008 mortuo

81 1025 176 1107 vero,
204 1027 357 1106 paullatim
373 1024 574 1102 flaccescunt,
602 1022 631 1086 ἃ
648 1026 873 1089 contabescunt.

81 1107 165 1170 Cdm
181 1121 281 1170 autem
298 1107 466 1170 movendus
482 1105 523 1168 ess
535 1105 707 1186 musculus,
727 1106 872 1187 &proter

80 1189 203 1252 solitum
219 1189 416 1252 intendendus
435 1237 445 1270 ,
464 1203 498 1252 ut
512 1189 630 1269 pondus
646 1189 810 1270 quodpiam
825 1191 873 1253 su·

81 1269 235 1369 stineatur,
256 1271 355 1355 major
365 1291 401 1335 ex
416 1272 536 1337 cerebro
542 1270 698 1353 spirituum
705 1273 874 1338 adfunditur

82 1373 122 1417 co
141 1375 188 1419 ra..

121 1373 173 1520 ΞΟ.
202 1437 277 1519 Qui
289 1434 483 1518 postremiin
495 1453 527 1496 re
543 1434 603 1497 hoc
617 1436 755 1499 mirabile
766 1456 872 1500 occur-

81 1523 138 1598 rit,
159 1521 268 1600 quod,
297 1525 417 1582 volente
428 1520 584 1582 dumtaxat
595 1514 731 1601 Mente,
758 1538 814 1582 nec
834 1521 872 1583 de

80 1602 221 1679 spiritibus
243 1615 293 1664 aut
313 1604 408 1665 nervis
431 1602 601 1683 cogitante,
630 1598 694 1663 inid
712 1600 874 1669 nesciente

80 1682 202 1762 quidem
224 1701 270 1743 an.
279 1683 427 1761 ejusmodi
447 1683 502 1744 fint
520 1683 638 1745 effluvia
657 1683 687 1746 ἃ
707 1685 792 1762 tubi,
821 1700 871 1747 aut

80 1781 172 1843 quem
192 1763 377 1826 musculum.
389 1764 500 1824 intendi
521 1775 679 1838 oporteat,
715 1766 807 1824 fluant
827 1779 871 1828 ta-

79 1862 151 1906 men
166 1842 295 1922 spiritus,
315 1839 719 1924 quoeotfluereneceffeest,
744 1848 869 1923 utquod

78 1923 171 1990 Mens
185 1927 250 1987 vult
265 1925 327 1988 fieri
344 1921 447 2005 poffit,
467 1922 487 1984 sr
502 1921 599 1985 modi>
610 1923 778 1986 valetudine
790 1926 870 1991 frua-

77 2028 164 2087 mur,
185 2009 379 2088 membraque
389 2003 469 2070 rede
482 2003 617 2083 dispofita
624 2003 687 2066 fint.
708 2002 802 2070 Mens
810 2009 871 2073 hoe

77 2093 108 2155 in
124 2093 245 2175 negotio
261 2090 361 2154 fimilis
378 2088 417 2152 est
433 2088 514 2150 diviti
531 2086 660 2165 cuipiam
674 2085 760 2150 Hero
776 2136 785 2168 ,
815 2097 868 2171 qui

78 2177 125 2237 vel
148 2175 215 2236 solo
238 2187 314 2236 nutu
329 2169 387 2254 qui
412 2190 443 2232 re
459 2169 586 2252 indigeat
601 2167 742 2253 significat
755 2170 871 2255 servis,

77 2260 204 2336 eimque
218 2255 321 2334 paullo
333 2252 398 2334 post
413 2254 533 2332 accipit,
575 2255 691 2316 uamvis
699 2252 806 2317 nesciat
814 2277 872 2320 un-

78 2340 116 2405 de
135 2339 192 2417 peti
208 2337 327 2400 debeat.
370 2335 429 2402 Sed
452 2338 518 2417 quis
575 2335 648 2397 entis
671 2336 792 2414 imperia
808 2352 871 2406 tam

77 2423 199 2570 {deurit
212 2418 709 2588 &seleleriterexsequattudefiniro
730 2416 873 2507 hocopus,

97 2528 124 2568 tc
150 2525 247 2567 aare
272 2551 280 2565 .
