1928 3510
174 165 407 243 DePlantis&
415 166 630 241 Animalibus.
653 167 698 244 C.
716 168 791 245 [V.
837 180 882 247 61

86 264 891 349 mantiavuiusuntpunffl,postquimdetrafflerant,

89 353 312 432 hominumque
325 368 435 415 manus
450 369 502 413 eos
518 347 709 413 meantium
720 351 808 431 laesae,
830 350 891 416 fine

91 438 160 499 ullo
174 436 322 515 periculo,
341 433 415 514 quia
428 432 536 497 succus
552 434 603 495 ille
619 447 781 497 venenatus
789 436 891 499 omnis

93 517 232 582 abstersus
247 530 318 580 erat.
348 515 394 581 At
406 513 555 581 feneum
565 514 682 596 Viperae
692 529 795 593 caput,
814 517 891 583 dum

93 602 198 682 aliquis
212 602 244 664 in
261 618 301 662 eo
315 599 385 663 effet
397 612 500 663 motus
516 647 526 679 ,
554 618 651 680 neque
667 599 768 661 dentes
784 600 891 679 evulii,

93 683 228 747 necdum
248 701 285 745 os
306 680 398 763 probe
421 695 594 765 purgatum
605 676 701 745 tumet
715 728 740 763 ‚.
754 681 893 746 demorsa

93 765 323 845 anirrulinssope
337 765 457 829 occidit.

135 863 185 930 24·
211 845 261 913 Ut
273 848 361 913 nobis
376 846 490 911 constat
505 847 684 928 Viperarum
695 845 835 913 morsum
849 847 895 913 es·

92 931 124 997 se
138 933 296 997 letinlem:
318 933 359 996 ita
373 932 448 995 nihil
464 929 505 993 est
519 929 619 995 minin
634 944 745 997 notum
759 933 892 1013 ratione,

93 1014 153 1095 qut
166 1035 275 1079 eorum
284 1034 443 1079 venenum
458 1015 490 1092 in
504 1033 593 1079 venae
608 1015 746 1095 illapsum
759 1028 894 1080 mortem

94 1111 159 1161 tam
173 1097 301 1163 subitam
315 1098 432 1162 inferat.
452 1096 579 1161 Certum
596 1097 783 1179 estquidem,
802 1116 894 1177 opor·

93 1194 154 1245 tere
168 1200 324 1245 venenum
338 1180 475 1263 sanguini
504 1181 618 1245 miseeri
639 1195 672 1246 ut
692 1179 820 1245 noxitun
840 1178 893 1257 fit3

93 1263 147 1328 sed
161 1284 258 1347 quam
273 1264 476 1327 mutationem
490 1264 593 1327 inferat
606 1264 739 1350 satrguini
752 1264 894 1349 ignotum

94 1344 137 1407 est
152 1392 178 1424 ,,
203 1348 525 1426 neque-experimentis
551 1348 620 1412 ullis
641 1348 893 1447 inveniripomit.

96 1425 267 1491 Nomruili
290 1426 486 1495 crediderunt.
508 1432 673 1516 maguus}
693 1430 893 1514 sangumem,

95 1526 149 1575 ant
163 1512 194 1575 in
210 1514 306 1575 alte'ro
320 1512 557 1579 ventriculomm
565 1511 670 1577 -cordis
684 1557 695 1591 ‚
713 1525 765 1575 aut
779 1513 811 1573 in
822 1532 899 1575 om·-

95 1596 182 1659 nibus
201 1596 312 1673 venis;
344 1595 415 1677 quia
442 1597 621 1663 mhualium
644 1612 683 1659 eo
701 1610 821 1656 veneno
839 1612 893 1655 oc·

98 1676 232 1741 ciforum
244 1676 397 1741 interdum
410 1678 528 1766 sanguis
545 1690 704 1743 concretus
718 1688 788 1741 etet.
829 1674 893 1739 Ve-

98 1758 170 1821 nim
188 1762 220 1822 in
241 1760 303 1823 aliis
318 1764 503 1829 eontrarium
516 1761 590 1842 sepe
603 1758 819 1847 deprehensum
834 1758 893 1843 est,

100 1855 134 1903 ut
150 1840 170 1904 st
185 1843 300 1923 aliquot
313 1846 517 1924 experimentis
532 1843 670 1911 statuum
684 1842 776 1925 estet,
808 1843 894 1945 oque

97 1922 193 2004 poffet
207 1925 265 1989 dio'
273 1924 453 2006 Viperinum
458 1948 612 1993 venenum
619 1930 755 1994 occidere
763 1929 893 1993 oinium

96 2006 276 2155 aesogvendo
291 2006 488 2093 (nemiuem,
516 2026 567 2076 aut
588 2033 661 2077 eum
673 2010 772 2077 subito
793 2013 895 2076 incen-

119 2110 158 2153 en
178 2110 209 2154 o.

142 2192 192 2254 25.
214 2170 265 2239 Ut
278 2173 408 2241 sciamus
423 2178 497 2259 quid
511 2180 621 2243 oriatur
635 2197 670 2241 ex
685 2175 806 2239 mistura
817 2175 896 2237 duo·

98 2275 169 2321 tum
184 2258 358 2339 liquorum,
379 2259 409 2324 ἃ
424 2281 516 2343 quare
531 2262 562 2326 id
576 2262 648 2340 fiat,
674 2270 792 2338 oportet
807 2268 893 2319 natu-

93 2357 165 2401 ram
179 2342 305 2405 illorum
319 2344 474 2423 liquorum
489 2347 574 2409 nobis
588 2341 645 2409 effe
659 2338 895 2423 pleniffimepen

101 2418 239 2565 ῐίεᾶπῐι.
280 2422 371 2489 Nota
385 2423 442 2490 effe
454 2428 561 2492 debent
575 2426 769 2513 magnitudo,
790 2425 895 2509 figura,

150 2520 250 2599 motus
263 2510 476 2587 particularum
491 2514 598 2592 quibus
614 2508 772 2588 constant,
802 2522 836 2570 ut
850 2509 895 2568 in·

103 2586 167 2647 tellr
234 2608 269 2653 us
284 2592 455 2672 quomodo.
469 2595 544 2656 inter
563 2593 593 2656 se
608 2592 757 2669 componi
768 2602 896 2669 queant3

103 2666 135 2731 &
179 2669 186 2683 '
216 2670 441 2757 fonatTesunt,
469 2696 537 2757 quae
565 2694 602 2739 ne
629 2672 814 2751 suspicamur·
830 2673 897 2754 qui·

100 2751 175 2816 dem
188 2800 204 2853 ,ι
226 2759 332 2837 quibus
347 2771 450 2823 tamen
464 2759 573 2845 ignotis
588 2806 598 2839 ,
625 2753 746 2821 ulterius
760 2755 899 2843 progredi

98 2840 300 2985 noffgoeffiaec
323 2922 396 2989 cum
417 2926 457 2990 ita
479 2925 559 3008 smt,
584 2941 673 3010 atquo
693 2929 870 3009 experimen!

96 3006 300 3115 comprobem
313 3005 370 3075 cue
385 3009 574 3160 videantur&
587 3013 654 3175 giro
662 3009 882 3154 diligentiffiffik
