1950 3526
118 175 196 257 334
246 151 282 225 P
305 173 335 223 n
361 177 388 225 u
415 177 430 225 s
455 177 517 226 r·c
542 174 580 227 m
624 153 724 228 Lnn.
749 149 822 235 V..

169 245 218 312 18.
238 245 368 318 Certum
384 248 424 312 est
439 268 565 329 corpora
591 251 623 314 in
648 255 754 316 orbem
780 249 848 316 aila
869 248 918 319 niti

124 331 291 395 recedere-i
306 346 410 395 centro
436 329 540 396 monis
558 334 627 413 sui,
656 350 745 416 atque
768 335 840 400 inde
856 355 919 400 non

125 413 352 494 incommodis,
372 429 405 477 ut
418 415 548 479 vidimus
563 464 573 498 ,
600 421 747 502 gravitatis
760 421 921 499 proprieta-

125 508 169 560 tes
192 498 300 562 deduci
322 496 449 576 poliunt.
499 497 573 561 Hoc
595 519 693 564 unum
713 501 921 565 difficultatem

117 595 208 643 creat
220 583 394 664 ingentem,
423 577 477 662 qui
502 579 589 660 poffit
610 583 775 648 tenuiffima
799 585 923 647 materia

126 662 289 743 superficiei
310 677 390 725 terrae
407 665 610 745 incumbens,
630 666 765 730 circulari
772 679 863 730 motu
875 660 921 750 ag'i

127 747 237 826 ubique
252 748 330 808 circa
355 760 493 809 centrum
513 759 616 826 terrae,
650 746 723 811 crim
738 763 820 811 terrae
834 748 923 828 ipfius

116 843 220 907 partes
240 847 279 891 eo
301 842 391 891 motu
412 847 478 891 non
499 843 630 910 agantur.
669 829 758 893 Nam
779 841 832 892 aut
846 844 924 891 terra

125 930 193 972 eum
207 912 363 970 materiam
375 911 482 971 secum
495 928 595 987 rapere
604 911 736 986 deberet,
758 924 810 969 aut
822 921 920 969 mate-

125 993 167 1052 ria
181 992 231 1053 illa
253 1005 370 1052 terram.
391 988 526 1052 ..Nudus
548 991 597 1051 hic
617 987 674 1050 elle
695 989 813 1052 videtur
836 988 922 1052 Gor·

113 1073 208 1154 ·dius,
229 1090 420 1154 quem-nemo
427 1069 565 1135 haetenus
572 1069 669 1134 solvit.

173 1175 216 1237 19,
255 1154 339 1219 Cum
359 1169 460 1218 tamen
481 1155 627 1237 gravitatis
655 1153 845 1235 proprietates
867 1151 924 1215 lint

120 1253 228 1316 notae,
248 1239 384 1317 quamvis
399 1236 486 1302 causa
500 1236 563 1316 ejus
579 1238 665 1300 nobis
673 1240 776 1314 lateat,
800 1235 924 1299 variaad

117 1340 194 1383 eam
207 1321 380 1400 pertinentia
402 1319 419 1382 t
438 1318 565 1401 Physicis
581 1319 825 1397 considerantur,
867 1331 924 1380 ne'c

120 1402 188 1466 :linc
200 1401 311 1467 fructu.
349 1404 451 1483 Hinc,
471 1405 598 1482 exempli
614 1401 726 1482 causi,
753 1401 923 1483 colligimus

129 1505 220 1566 quare
235 1490 389 1567 liquorum
404 1489 547 1551 omnium
560 1485 726 1565 superficies
741 1483 774 1546 fit
790 1487 822 1546 in
836 1482 924 1568 oqui·

131 1573 226 1633 librio.
254 1568 353 1633 'Cum
374 1572 457 1632 enim
477 1586 585 1632 eornm
600 1581 702 1646 partes
716 1566 732 1629 ὲ
747 1566 777 1628 sc
795 1567 925 1628 invicem

132 1652 254 1714 divulsae
278 1652 357 1731 fint,
387 1664 477 1733 atque
499 1652 531 1713 in
545 1664 636 1713 motu
650 1663 817 1730 perpetuo,
852 1647 925 1710 liiis

133 1736 277 1796 omnibus
293 1733 411 1811 pondus
427 1738 538 1814 equale
552 1734 724 1811 incumbat,
757 1733 849 1793 nullae
863 1749 926 1792 rna·

133 1818 176 1897 gis
183 1816 541 1892 prementurquimaliae;
562 1815 699 1892 adeoque
713 1811 926 1890 superficiesed

128 1893 269 1956 amuffirn
283 1896 437 1976 dirigetur,
458 1895 510 1958 uifi
525 1895 687 1956 vi-extema
701 1893 864 1956 adtollatur
877 1906 928 1957 aut

122 1977 319 2055 ‘deprimatur
357 2014 361 2020 -

152 2073 226 2121 ao,
268 2057 351 2121 Hinc
371 2077 492 2139 quoque
513 2055 700 2121 deducuntur
722 2056 849 2117 rationes
873 2075 928 2118 eo·

131 2161 228 2221 rum,
264 2160 330 2222 quae
357 2141 496 2203 accidunt
516 2139 687 2218 corporibus
707 2137 786 2200 duris
810 2137 849 2199 &⁴
862 2156 929 2220 gra·

134 2228 220 2288 vibus
247 2226 278 2286 in
306 2226 434 2302 liquores
459 2220 614 2284 immcrfis.
656 2219 679 2282 Ι.
701 2218 822 2300 Corpus
843 2221 928 2300 quod

126 2307 260 2388 ⁴aquabit
273 2306 402 2385 pondere
416 2304 544 2368 limilem
558 2306 699 2385 liquoris,
718 2305 750 2366 in
768 2320 862 2384 quem
870 2307 927 2366 irn-

129 2392 277 2470 mittitur,
297 2393 430 2469 molem,
455 2387 588 2451 fundum
601 2400 698 2466 petere
712 2405 777 2449 non
790 2384 885 2465 potest
898 2387 928 2448 vi

136 2469 269 2554 proprii,
282 2471 332 2534 sed
339 2473 425 2534 haeret
433 2475 507 2535 ineo
515 2473 587 2534 loco
594 2473 626 2534 in
632 2490 695 2551 quo
703 2469 840 2549 ponitur,
860 2486 929 2530 mo-

137 2558 180 2620 do
203 2575 241 2620 ne
263 2568 343 2618 extra
360 2557 515 2636 ¹liquorem
536 2555 689 2629 emineat3
718 2553 786 2631 quia
809 2549 882 2613 crim
897 2550 930 2612 srt

138 2643 170 2701 in
185 2639 347 2719 aequilibrio
364 2659 437 2702 cum
459 2641 588 2720 liquore,
617 2637 701 2698 nulla
716 2637 789 2697 ratio
804 2631 845 2695 est
863 2651 928 2713 qua

131 2720 226 2797 poffit
248 2740 354 2804 cogere
377 2722 505 2786 similem
526 2738 609 2799 aquae
623 2719 741 2780 molem
754 2716 930 2780 adscendero

135 2801 382 2867 autdescenderc.

161 2894 233 2944 ..ah
256 2882 294 2945 ΙΙ.
314 2884 348 2947 Si
362 2881 435 2948 vero
450 2900 573 2960 corpus,
600 2881 683 2960 quod
698 2881 884 2965 immergitur
896 2881 931 2943 li·

139 2965 245 3052 quoti,
265 2964 379 3045 superet
393 2965 525 3045 pondere
540 2981 644 3044 parem
658 2964 781 3047 liquoris
796 2965 931 3037 molare
956 3007 960 3015 .

820 3040 932 3110 nooeffe
