1928 3510
130 120 202 181 20²
251 93 587 169 Persica
631 94 732 171 Lrn.
761 94 812 171 V.

130 188 367 271 condensatione
379 192 443 257 lieri
452 191 547 273 potest
559 207 593 256 ut
609 190 841 277 duoCorpora,
860 194 929 261 inlir

128 274 263 422 idrpicem
277 290 385 358 mota,
399 275 605 356 interpohtum
620 277 928 345 aliudir'rnihilnmre·

180 370 242 422 ant.

159 374 203 525 ga.
231 440 317 507 Hinc
327 444 520 528 intelligimus
534 462 683 529 magnum
697 442 757 509 else
770 443 929 510 discrimen

130 525 209 590 inter
222 522 411 604 extenfionem
426 542 587 613 corpoream
602 574 613 608 ,
633 528 761 615 &spatii
780 530 854 589 meri
876 552 929 591 ex·

129 606 291 689 ternionem.
340 607 480 675 Extenlio
499 613 584 675 enim
605 631 749 693 corporea
771 610 816 689 est·
834 613 933 675 cohae·

130 690 176 756 fio
191 691 250 756 five
264 696 443 759 continuitas
458 698 586 775 partium
602 693 789 774 solidanun,
816 694 930 774 separa-

130 776 240 839 bilium
255 775 285 837 &
298 779 462 840 mobilium
475 798 485 853 ;
513 778 641 856 spatium
662 776 735 838 verd
747 795 869 838 merum
884 776 926 839 esl

129 855 930 1013 tauthottufflhlsuutssett·

129 1017 223 1117 telligi
236 1015 386 1097 spatium,
416 1018 448 1079 in
469 1035 534 1096 quo
556 1016 628 1078 nihil
651 953 785 1098 nfirma
800 1016 925 1099 resistat,

130 1119 215 1181 oque
229 1096 377 1178 perspicue
392 1117 428 1163 ac
443 1100 637 1183 intelligimus
645 1098 930 1163 extenfionemsoli-

128 1182 207 1327 dapis
212 1180 358 1326 ,Crdofporis
374 1203 384 1260 3
410 1184 509 1264 itaque
525 1183 588 1245 haec
602 1201 668 1247 uon
683 1183 791 1249 debent
805 1184 879 1247 inter
893 1183 926 1246 se

127 1282 168 1327 co
201 1283 244 1327 un
264 1285 283 1326 1.
415 1322 428 1335 ,

169 1365 197 1427 5.
209 1408 214 1419 ,
227 1344 274 1411 Ex
295 1350 460 1415 cohaesione
475 1363 578 1413 autem
598 1350 728 1429 partium
747 1349 926 1430 solidarum,

129 1430 260 1511 nascitur
276 1434 422 1517 quidquid
436 1434 470 1497 fit
484 1433 615 1512 impulsu
632 1447 742 1496 mutuo
758 1432 929 1496 acrefislen-

133 1512 174 1578 til
189 1535 369 1598 corporum,
390 1534 500 1581 nonen
515 1535 597 1579 mera
611 1514 786 1579 extensone.
805 1513 836 1577 Si
845 1517 929 1579 enim

135 1615 285 1675 ponamus
302 1601 371 1664 hinc
386 1598 506 1678 Corpus
520 1597 668 1678 solidum,
692 1596 854 1662 illincverh
863 1617 933 1669 me<

132 1697 204 1741 rum
218 1680 278 1742 srne
288 1681 433 1746 soliditate
447 1681 601 1761 Spatium,
622 1681 729 1745 donde
744 1678 864 1760 Corpus
880 1680 930 1744 so-

133 1759 232 1822 lidum
246 1767 364 1826 moveri
381 1784 391 1840 ;
419 1765 491 1826 nihil
512 1765 679 1843 quidquam
694 1762 824 1841 Corpori
839 1777 930 1826 moto

131 1839 252 1920 refistet‚
274 1843 303 1904 dc
320 1844 455 1922 Spatium
471 1862 582 1921 purum
598 1863 790 1922 quacumque
804 1858 930 1906 movea-

131 1936 180 1984 tur
196 1928 363 2003 penetrabit.
403 1924 488 1991 Cum
496 1922 614 2003 Corpus
624 1925 736 1987 durum
744 1937 885 1991 movetur
894 1928 926 1988 in

132 2005 244 2089 fluido,
264 2022 395 2074 attamen
409 2010 469 2073 hoc
483 2006 580 2071 refistit
596 2008 797 2084 aliquatenus,
819 2025 929 2086 quam-

134 2091 179 2153 vis
193 2092 231 2156 ad
245 2097 335 2157 latera
348 2091 490 2172 Corporis
508 2091 583 2152 moti
598 2087 726 2151 discedat
742 2135 750 2166 ‚
772 2087 801 2150 ἃ
818 2090 928 2154 rcfiste-

133 2187 178 2236 ret
193 2176 277 2257 aeque
299 2197 334 2239 ac
348 2173 534 2239 druilinnum
549 2190 656 2251 corpus
673 2218 682 2251 ,
710 2169 761 2233 nili
776 2170 927 2237 discedere

134 2258 243 2321 liceret.
286 2257 345 2322 Sed
369 2258 418 2321 ubi
441 2258 525 2319 nulla
547 2254 664 2337 prorsus
681 2251 813 2316 statuitur
828 2254 930 2320 solidi-

132 2351 194 2418 tas,
215 2341 279 2403 duo
293 2338 431 2420 Corpora
444 2354 530 2403 mota
545 2337 668 2404 adverso
684 2339 818 2416 impetu,
840 2343 929 2403 nullo

134 2420 316 2503 discedente,
338 2436 396 2489 nec
409 2423 570 2507 resiliente,
589 2419 929 2504 persediffimeconjun·

153 2521 245 2571 entur.

133 2524 153 2643 g
172 2594 202 2655 6.
225 2591 373 2674 Quaerurit
387 2591 572 2670 Philosophi,
594 2587 675 2648 unde
693 2591 806 2653 oriatur
818 2586 926 2652 Solidi-

131 2685 190 2752 τηε,
212 2675 262 2738 seu
281 2677 406 2739 cohaefio
422 2677 564 2754 partium,
582 2667 666 2747 juxta
681 2669 854 2736 seinvicem
867 2685 922 2743 po-

130 2756 266 2833 htarum,
286 2776 322 2816 ac
333 2757 458 2832 proinde
473 2752 684 2815 refistentium?
706 2748 921 2835 Cuiquaellioni

117 2834 199 2912 ‚quid
228 2835 431 2911 responderint
456 2833 611 2897 acutissimi
639 2837 694 2901 viri
720 2838 920 2916 proferemus,

127 2913 230 2983 deinde
245 2933 309 2976 non
324 2914 406 2992 poffe
421 2915 589 2998 responderi
607 2917 810 3064 ostendemusi
839 2995 865 3062 F

748 3011 775 3077 7.
811 3045 817 3060 .
868 3016 920 3062 ue-
