1928 3510
173 210 367 307 &Corpore
377 214 409 279 in
420 217 548 282 Genere.
570 206 618 280 C.
630 209 734 285 Xlll.
790 235 859 314 309

65 311 181 385 semper
208 308 378 390 agitantur,
417 306 447 368 δι
475 320 525 368 aue
558 304 679 377 celerius
699 324 860 374 moventur

68 390 216 472 particulis
238 389 365 470 aqueis3
406 402 458 451 aut
482 386 560 450 oum
584 388 639 450 fint
659 388 808 454 solidiores
830 394 859 456 δι

69 469 240 550 craffiores,
283 489 349 533 non
376 483 495 533 tantum
523 484 647 533 motum
677 470 859 551 eparticulis

68 555 168 635 aqueis
196 554 369 632 accipiunt,
411 565 559 633 quantum
592 558 624 617 iu
661 572 709 616 eas
738 557 861 619 transfe

68 651 147 700 runt.

111 737 161 798 55.
183 718 221 781 ll.
242 717 345 799 Quare
358 718 616 799 corporafrigidu,
638 719 715 781 dum
729 718 864 781 aliudre·

67 803 222 885 frigerent,
243 800 404 869 calefiunt?
425 799 474 863 Sic
490 799 509 861 fi
524 806 639 863 ferrum
652 803 684 862 in
700 801 864 864 manussu-

67 904 205 964 mamus,
226 883 331 946 -statim
344 882 476 966 frigidius
491 882 524 947 id
538 880 595 944 effe
607 885 745 946 manibus
759 882 863 946 nostris

67 967 153 1031 sensu
168 968 335 1047 experimur
350 985 360 1041 ;
386 965 437 1027 sed
453 963 475 1026 sr
490 965 542 1026 diu
556 965 660 1028 hereat
674 969 707 1029 in
722 969 863 1030 manibus

67 1049 172 1113 nostris
186 1097 196 1130 ,
212 1046 322 1121 ,modo
338 1056 376 1109 'ne
394 1049 467 1110 a'e'ris
482 1046 573 1128 frigus
589 1048 623 1111 fit
641 1051 861 1131 immodicum,

68 1135 221 1212 paullatim
242 1130 349 1193 calefit.
389 1130 462 1193 Hoc
484 1143 586 1191 autem
608 1131 642 1192 fit
654 1132 724 1212 quia
738 1132 862 1194 tandem

68 1234 175 1280 manus
188 1212 310 1291 nostrae,
331 1210 473 1291 perpetui)
481 1224 603 1274 motum
611 1231 705 1292 quem
718 1233 791 1277 cum
798 1233 863 1293 par-

66 1299 164 1360 ticulis
179 1297 246 1360 ferri
261 1292 862 1378 communicantdsanguine-recipientes,

67 1379 190 1442 tandem
197 1373 353 1440 totmotds
367 1376 477 1460 ,gradus
492 1377 652 1439 infertum
665 1380 861 1462 eairsferunt,

66 1459 343 1544 quotinipfissunt.
853 1508 861 1531 ,-

109 1545 159 1625 56.
182 1542 234 1605 111.
257 1540 360 1622 Quare
372 1542 862 1628 corporenonnullaaliisfrigidio·

67 1625 197 1690 rasum?
219 1625 372 1690 Sentimus
387 1646 539 1706 marmor,
560 1626 612 1688 nifi
629 1640 764 1689 externus
779 1630 861 1691 calor

69 1707 243 1785 accerserit,
290 1708 373 1789 ligno
401 1706 502 1769 multo
522 1709 654 1792 frigidius
680 1706 746 1771 effe.
788 1709 863 1772 Hoc

68 1809 105 1853 ex
123 1808 161 1852 eo
177 1790 270 1851 oritur
285 1787 370 1868 quod
383 1790 416 1851 in
432 1792 605 1868 corporisne
617 1792 678 1854 aliis
693 1794 790 1873 plures
806 1792 861 1855 sim

67 1874 217 1954 particulae
233 1869 431 1952 quiescentes,
449 1871 542 1952 quim
553 1875 589 1937 in
599 1876 675 1953 aliis.
717 1874 767 1938 Sic
782 1894 862 1938 mar·

68 1976 158 2037 mor,
178 1955 264 2037 quod
280 1953 320 2016 est
333 1952 435 2019 multo
451 1958 566 2100 pravius
581 1976 617 2020 ac
633 1956 816 2037 eompadlius
826 1960 861 2022 li-

67 2057 147 2123 gne,
168 2039 320 2119 pauciores
336 2036 436 2100 multo
465 2038 604 2116 uperficie
621 2037 672 2100 sud
688 2041 864 2119 eompleffi=

67 2136 116 2186 tur
132 2124 288 2202 particulas
313 2134 438 2195 motas;
459 2118 558 2201 -quim
583 2120 799 2199 lignumquod
820 2122 860 2183 est

68 2204 157 2269 valde
166 2203 328 2284 porosum,
345 2200 861 2283 &intraquodproindemultoplu—

68 2306 113 2351 tes
125 2290 274 2367 particule
291 2285 463 2349 fluidiffunae
470 2285 598 2348 materiae
613 2284 766 2367 agitantur.

111 2384 162 2449 57.
181 2369 238 2432 IV.
261 2367 359 2433 Unde
375 2369 408 2429 fit
423 2386 510 2449 ergo,
528 2367 663 2448 inquies,
684 2381 717 2431 ut
729 2370 779 2430 nix
794 2386 861 2448 quae

67 2451 161 2535 usque
181 2451 257 2515 adei)
278 2471 341 2514 rara
361 2450 425 2528 est,
464 2450 596 2533 frigidior
616 2450 749 2513 videatur
766 2450 860 2531 quim

65 2534 222 2599 marmor?
243 2531 330 2597 Cum
346 2534 491 2611 dicimus,
512 2551 637 2611 nempe,
656 2534 687 2597 id
698 2552 806 2614 corpus
815 2535 860 2596 in-

67 2630 112 2678 tre
127 2617 210 2696 quod
220 2618 322 2694 plures
333 2616 487 2697 particule
511 2614 692 2694 quiescunt,
727 2615 864 2706 frigidius·

67 2697 161 2760 videri
179 2711 343 2779 oportere,
371 2696 464 2778 quim
483 2698 514 2761 id
536 2699 568 2761 in
582 2716 646 2777 quo
660 2698 759 2775 plures
773 2700 860 2778 parti-

67 2781 152 2841 culae·
165 2791 351 2857 moventur,
382 2780 415 2843 id
431 2780 604 2877 itaiutelligi
619 2779 726 2843 debet·
761 2782 858 2847 modo

68 2858 220 2938 utriusque
231 2873 326 2939 ¹partes
342 2862 396 2927 sim
404 2860 487 2954 eque
503 2864 639 2927 mobiles.
681 2828 859 2947 uiarnfipd

67 2943 213 3009 fuerimus
243 2945 374 3021 corporis
403 2945 568 3026 cujuspiam
597 2958 691 3025 partes
711 2948 860 3028 quiescere

66 3025 211 3111 quidem,
231 3022 283 3089 sed
296 3024 440 3115 facillime
453 3027 533 3109 poffe
547 3047 617 3097 eam
628 3032 761 3115 quietem
772 3028 861 3091 emit·

782 3120 861 3184 wei
