1950 3526
87 199 158 274 282
208 201 553 278 'Pursrem
601 206 784 281 erer.

124 296 153 355 6.
175 294 231 360 IV.
261 297 338 364 Sunt
352 303 501 366 innumeri
521 301 645 384 Sapores
660 305 749 384 varii,
781 303 879 369 &eoa

82 379 584 468 nundemSaporuminfinitiquafi
593 388 709 470 gradus.

127 477 156 540 7.
178 464 255 528 Haec
267 467 334 529 sunt
349 489 414 553 qua
427 471 458 531 in
473 471 623 550 saporibus
643 473 674 534 iri
682 489 789 556 genere
807 489 887 534 con,-

84 541 211 642 srderatis
226 549 626 634 potiffimdmobservantur,
648 555 677 617 &
692 573 828 635 quorum
836 574 881 616 ra·

85 633 217 696 tionibus
234 637 374 716 inventis,
397 637 434 699 ad
450 651 546 700 cetera
557 638 698 721 'progredi
713 634 880 716 poffumus.

84 708 167 776 Non
180 720 366 781 morabimur
380 717 429 781 hic
444 719 698 784 scholasticorum
705 721 880 798 opiniones,

85 799 187 876 quiex
202 799 323 863 mistura
336 802 467 881 quadam
482 804 633 880 humoris,
654 799 884 864 siccitatisurca-

85 881 157 940 loris
172 881 289 957 sapores
304 884 384 944 nasci
402 887 500 960 aiunt,
523 884 642 943 eumne
656 880 879 957 vocesquidem

85 961 190 1037 quibus
202 973 326 1022 utuntur
340 965 517 1040 interpretari
534 961 667 1039 poffint3
698 974 749 1022 aut
767 977 879 1022 eorum

85 1041 137 1186 {ui
145 1055 248 1120 putant
264 1045 295 1106 in
311 1061 435 1123 corpore
442 1043 542 1122 sapido
557 1040 613 1103 effe
622 1042 716 1106 simile
731 1039 880 1123 quiddam

116 1123 882 1204 usationibusnostris;hancenimopinionem‚ubide

87 1209 149 1303 aliu
164 1211 351 1289 qualitatibus
367 1211 516 1274 senfilibus
532 1211 667 1295 egimu8‚
687 1207 754 1273 satis
772 1206 882 1270 confr.

86 1301 221 1354 divimus.
445 1349 448 1354 .

104 1439 106 1442 i
127 1371 156 1436 8.
177 1371 373 1442 Recentiores
393 1379 481 1463 igitur
497 1376 627 1441 statuunt
641 1376 783 1458 sapores,
832 1392 885 1435 ua·

88 1467 174 1522 tenus
190 1458 259 1523 sunt
278 1464 310 1525 in
334 1462 507 1542 corporibus
524 1461 654 1541 sapidis,
690 1460 759 1520 fitos
821 1458 892 1518 ein.

89 1543 197 1606 variafi
221 1546 884 1627 uraparticularum‚quihusuacorporacon-

90 1623 174 1688 stant.
197 1561 249 1690 {ae
264 1632 413 1709 particula
429 1627 630 1692 salivdsolutae
640 1623 884 1709 Linguaenervos

89 1725 228 1795 pungunt
241 1712 347 1795 varii,
375 1732 431 1794 pro
452 1715 590 1777 varietate
611 1711 631 1774 fi
653 1730 713 1774 urae
736 1705 795 1790 qui
812 1723 898 1769 con·-

90 1789 182 1872 stant,
210 1795 290 1857 unde
305 1797 435 1859 nascitur
449 1816 561 1879 magna
573 1795 604 1858 se
639 1797 778 1858 ationum
796 1789 889 1853 varie·

89 1885 145 1934 tas.
185 1872 391 1940 Commodius
417 1876 496 1939 fortd
517 1877 707 1954 diceremus,
734 1893 800 1936 non
823 1873 900 1953 qui---

90 1953 162 2016 dem
182 1974 290 2020 omnes
316 1971 410 2039 partes
433 1977 597 2039 corporum
618 1957 790 2037 sapidorum
810 1952 900 2018 Linv

90 2055 184 2123 guam
198 2039 341 2122 adficere,
361 2042 412 2106 sed
419 2041 497 2123 salia,
512 2061 577 2123 quae
587 2038 655 2102 sunt
669 2039 812 2103 omnium
825 2034 889 2100 ferd

92 2139 258 2204 corporum
276 2128 424 2206 particulis
437 2123 567 2203 admista,
588 2123 730 2202 saporum
744 2118 801 2182 effe
816 2137 888 2181 cau-

93 2203 165 2285 sas;
191 2209 330 2273 videmus
351 2212 434 2273 enim
453 2227 563 2289 aquam
582 2205 737 2286 infipidam
765 2200 888 2265 misturd

94 2291 160 2354 salis
175 2288 306 2371 sapidam
321 2294 407 2373 fieri,
443 2290 502 2373 qud
528 2287 648 2354 mistura
670 2307 735 2351 nou
756 2298 891 2349 mutatur

96 2375 191 2459 figura
204 2376 414 2453 particularum
429 2395 530 2458 aquae,
552 2374 603 2438 sed
619 2373 645 2436 ei
660 2371 810 2435 adduntur
825 2387 898 2448 par--

97 2472 139 2520 tes
165 2456 263 2520 salinae
290 2478 356 2538 quae
375 2457 532 2545 Linguam
558 2469 704 2544 pungunt.
747 2451 798 2516 Ut
817 2451 888 2514 salsa

98 2561 175 2622 aqua
188 2541 239 2604 fiat
253 2540 367 2623 dulcis,
387 2542 471 2608 nulla
487 2541 543 2607 alid
557 2561 588 2606 re
605 2559 681 2619 opus
696 2537 751 2616 est,
782 2535 833 2599 nifi
849 2534 892 2597 se·

99 2625 248 2703 paratione
262 2625 328 2690 salis
352 2627 381 2690 &
403 2648 511 2710 aquae,
540 2645 606 2705 quae
626 2623 661 2684 fit
682 2619 891 2698 destillatione,

100 2707 159 2784 qua
177 2710 328 2789 particular
344 2731 443 2791 aquea
459 2712 490 2772 in
506 2724 629 2787 vapores
650 2717 779 2789 aguntur
799 2702 829 2765 ἃ
849 2701 902 2764 sa·-

100 2790 168 2849 linae
184 2793 327 2856 infundo
343 2794 416 2856 vafis
433 2806 563 2854 manent.
605 2787 679 2851 Hoc
693 2807 765 2872 ergo
780 2784 892 2865 pofit0,

102 2887 210 2937 corum
225 2894 291 2960 quae
304 2874 513 2962 proposuimus
528 2873 571 2936 hae
589 2873 715 2937 rationes
731 2869 813 2934 reddi
827 2865 895 2948 pos·

103 2956 188 3028 suut..

826 3132 856 3194 9..
880 3113 920 3180 Ι..
