1928 3510
217 112 272 179 De
284 113 419 215 'Corpore
435 107 468 172 in
480 111 617 176 ‘Cenem
643 103 686 178 C.
695 105 743 182 V.
802 136 875 208 215¹

76 204 236 290 -qumtum
262 216 340 266 creat
367 219 398 265 m
419 220 457 263 eo
478 202 562 281 quod
578 201 749 268 ¹secundum
769 226 875 273 move·

77 307 142 356 tur.

131 391 160 454 7.
182 370 299 437 Verum
314 370 376 431 hac
388 369 494 431 omnia
509 414 518 446 ,
532 367 559 429 st
575 367 728 452 diligenter
741 368 876 438 confide-

80 471 204 535 rentur,
224 474 313 522 mera
319 450 490 534 hypotheses
505 448 562 513 effe
577 451 874 532 deprehendemur..

88 539 127 605 N
128 538 189 607 uul
197 537 274 602 certi
284 535 403 600 ratione
416 531 529 597 constat
537 536 676 598 eamdem
691 535 806 617 semper
820 537 877 603 esse

88 626 120 687 in
136 624 258 687 materia
278 619 474 701 quantitatem
495 615 619 697 motis,
646 617 880 685 &eontrarium

89 705 273 771 verismrilius
288 701 346 781 est,
367 714 400 763 ut
414 698 514 780 postea
528 700 703 764 videbimus.
726 718 754 763 a.
776 701 880 768 Nullo

90 789 189 855 modo
205 786 345 851 credibile
359 782 400 847 est
413 802 489 846 eum
497 779 560 844 esse
577 797 701 848 motum
716 785 881 866 spirituum

83 872 267 939 -allimall'mn
279 871 313 933 in
335 867 533 946 ammalibut,
558 879 592 928 ut
613 865 731 932 tantum
744 870 883 958 determi-

85 958 211 1020 uatioue
219 953 348 1037 indigeat
362 949 394 1014 ἃ
402 947 881 1029 poffitsufficeretotortamvafiis

86 1039 267 1103 animalium
274 1035 417 1100 motibus.
441 1050 470 1115 3·
490 1028 632 1096 Dicendo
645 1031 753 1099 Deum
766 1033 882 1100 elleau

40 1164 43 1171 .
85 1117 528 1195 &oremomniummotumm
542 1115 883 1183 autdeterminationum

92 1200 196 1268 motus
211 1249 221 1283 ‚
248 1201 323 1266 otim
335 1198 473 1263 secundae
488 1197 581 1262 causa
593 1218 699 1265 earum
713 1221 815 1266 rerum
828 1194 883 1266 lint

91 1286 247 1349 duntaxat
253 1283 439 1359 occasionem
457 1283 533 1344 ratio
540 1279 598 1362 qul
605 1296 707 1347 motus
715 1300 885 1364 procreatur

88 1386 161 1432 ..non
167 1364 282 1431 facilius
296 1365 466 1449 intelligitur
470 1411 483 1444 2
494 1376 538 1425 ut
552 1366 884 1447 anteaobservavimus;

94 1469 135 1514 ne
138 1449 205 1533 jam
212 1446 400 1528 conscensu,
406 1466 472 1530 quae
479 1448 549 1510 hinc
556 1444 662 1511 deduci
671 1446 802 1531 possent,
820 1469 886 1514 me

89 1552 260 1598 moremus.
502 1570 506 1581 .
535 1582 538 1587 .

132 1613 168 1679 ,8.
188 1615 251 1681 Alii
265 1613 405 1680 volumi
419 1613 509 1677 cauis
520 1613 659 1680 secundis
667 1627 790 1680 motum
796 1617 886 1680 etiam

93 1699 206 1777 ἀφῇ,
232 1695 391 1778 Mentem,
412 1699 545 1777 exempli
560 1697 665 1778 causi,
684 1718 807 1763 movere
822 1701 886 1763 bra-

94 1781 227 1860 chium,
258 1780 288 1844 ἀ
310 1798 344 1843 ex
365 1781 539 1860 corporibus
556 1782 593 1844 in
615 1801 740 1862 corpora
763 1797 886 1847 motum

91 1862 224 1927 transire.
264 1861 382 1927 Verum
407 1881 432 1925 r.
460 1881 526 1927 non
552 1863 640 1929 facile
658 1865 699 1928 est
717 1863 885 1944 intelleeiu,

94 1943 216 2011 Mentis
230 1943 294 2009 soli
311 1947 457 2008 volitione
472 1993 482 2027 ,
510 1949 627 2010 moveri
641 1946 761 2030 Corpus
776 1997 785 2030 ,
814 1948 888 2013 crim

98 2025 673 2109 MensnesciatquiCorpusmoveamr.
704 2046 731 2090 2.
751 2029 888 2112 Quinam

99 2108 240 2178 nexusest
255 2112 374 2174 intereo
395 2113 549 2174 irationem
564 2111 593 2175 ἃ
609 2111 758 2175 motum?
786 2126 814 2192 3.
835 2112 888 2176 Ad

100 2194 241 2275 Corpora
253 2194 338 2275 quod
355 2130 482 2273 aitinet,
503 2193 637 2259 fitransrt
656 2207 759 2257 motus
773 2211 809 2255 ex
824 2212 888 2256 uno

97 2275 239 2357 Corpore
249 2278 285 2340 in
298 2276 379 2341 aliud
389 2323 404 2357 .,
432 2277 567 2342 accidens
583 2276 677 2359 potest
691 2295 727 2341 ex
742 2291 806 2339 uno
822 2274 890 2340 sub·

98 2357 182 2443 jeoo
205 2360 236 2422 in
255 2362 384 2424 alterum
402 2357 537 2440 tranfire,
564 2379 627 2441 quo
642 2362 714 2425 nihil
729 2359 888 2424 absurdius.

128 2489 135 2504 .
154 2439 350 2527 intelligimus
364 2443 489 2523 quidem
501 2457 624 2507 motum
638 2441 694 2506 effe
708 2446 801 2506 veluti
817 2461 892 2504 con-

97 2463 260 2591 ictorum
284 2525 436 2590 soliditatis
452 2570 462 2604 ,
498 2542 572 2587 nam
601 2525 698 2589 solido
731 2523 892 2606 refistente‚

103 2620 157 2672 aut
185 2607 269 2672 debet
291 2608 397 2672 resilire
421 2624 529 2687 eorpus
557 2609 583 2670 ei
611 2605 800 2687 inpatium,
842 2622 893 2673 aut

100 2691 134 2758 id
150 2692 223 2753 loeo
238 2689 405 2774 demrbare,
426 2690 477 2756 sed
491 2689 653 2774 quomodo
669 2689 786 2754 hocfiat
800 2690 894 2758 nesci·

98 2793 181 2938 mg..
192 2852 280 2921 Nihil
302 2875 375 2940 ergo
397 2855 584 2939 hiesuperell
598 2902 620 2937 ,.
638 2854 739 2923 nifiut
751 2860 894 2944 agnosca·

101 2958 174 3009 mus
188 2957 246 3007 nos
261 2958 327 3008 oon
335 2937 438 3007 clarius
447 2940 608 3028 intelligere
615 2959 681 3026 que
691 2938 724 3008 fit
733 2944 896 3089 musamnso-

107 3075 112 3085 '
881 3069 892 3107 7
