1928 3510
77 169 125 218 ao
186 143 515 220 Pnusrcn
563 147 771 223 LrulV.

75 242 129 302 bus
157 239 291 304 constant
320 243 477 306 involucra
505 244 697 308 bulbosarum
726 264 870 326 quarum-

76 322 147 385 dam
161 321 351 404 Plantarum,
374 338 407 386 ut
424 324 593 404 Ceparum,
613 329 791 406 irrumpunt.
834 328 869 392 Iu

75 402 166 482 Rapis
182 408 326 486 quidem,
346 420 447 486 prater
462 410 630 489 utriculos,
652 426 813 473 cernuntur
835 412 870 474 fi-

76 488 134 549 brae
149 490 338 569 transversa,
365 509 494 570 quarum
510 505 640 555 extrema
655 511 718 572 pars
734 495 766 556 in
783 495 872 555 corti·

76 588 149 716 cem
160 571 285 654 definit,
314 571 343 635 dt
363 571 421 654 qui
446 576 539 637 etiam·
561 588 642 638 terrae
657 575 738 638 succi
758 577 872 660 ingredi

77 670 118 732 po
141 667 205 716 unt.

121 735 169 819 38.
191 735 276 801 Cdm
289 741 457 817 plantantur
470 741 545 802 rami
560 741 666 823 saligni
675 786 684 817 ,
713 754 764 803 aut
777 758 876 819 popu-

79 821 133 898 lei,
157 833 208 883 aut
223 823 385 899 palmites,
412 821 669 900 deprehenduntur
681 821 763 882 succi
777 824 874 902 ingrc-

79 903 109 964 di
126 921 190 963 non
204 900 302 964 modi)
316 919 367 980 per
374 902 460 964 fibras
467 899 800 981 horinontalitersedtas,
821 902 874 967 sed

79 984 169 1045 etiam
187 1001 238 1062 per
259 983 356 1062 ipsum
376 987 545 1064 corticem,
574 984 654 1047 uude
675 986 707 1047 in
728 987 874 1049 utriculos

79 1065 258 1129 transversos
269 1066 422 1142 defluunt..
460 1064 511 1129 Ut
527 1069 648 1132 celerius
664 1067 776 1132 radices
786 1082 877 1154 agant

80 1147 159 1212 varie
182 1148 320 1212 inciditur
335 1160 461 1231 cortex,
488 1162 577 1230 atque
592 1152 624 1214 in
639 1153 746 1216 orbem
759 1153 849 1215 etiam
864 1199 875 1231 ,

81 1245 115 1292 ut
130 1233 252 1314 lignum-
264 1246 400 1295 cernatur
413 1279 424 1313 ,
445 1233 559 1297 detrahi
568 1232 657 1298 solet,
695 1232 777 1299 Dein
792 1235 875 1316 plan-

81 1326 157 1376 tatus
170 1333 289 1394 ramus,
308 1335 345 1379 ex
360 1316 441 1396 parte
454 1336 521 1399 qua
536 1317 623 1398 supra
636 1317 811 1382 incifionem
817 1316 875 1399 est,

81 1395 193 1460 radices
216 1398 349 1481 emittit,
375 1400 459 1481 quod
479 1400 540 1464 hoc
560 1401 649 1481 paeto
665 1401 726 1462 lieri
750 1401 875 1464 videtur.

83 1477 200 1544 Succus
220 1483 272 1563 qui
293 1484 491 1547 horizontales
515 1485 659 1544 utriculos
680 1480 792 1558 subiit,
819 1481 878 1542 fer·

83 1565 268 1628 mentatione
284 1585 336 1629 eos
352 1563 531 1640 tumefacti,
552 1580 616 1640 quo
627 1561 662 1623 fit
677 1573 710 1622 ut
724 1561 878 1640 perpendi-

85 1649 198 1709 culares
213 1647 293 1708 fibrae
303 1649 405 1725 prae‘ter
410 1642 534 1706 solitum
541 1640 712 1723 comprella
718 1645 879 1720 incurven-

84 1741 151 1806 tur,
171 1726 201 1789 &
215 1745 316 1790 ramos
330 1727 421 1791 etiarn
433 1737 513 1788 extra
526 1737 670 1790 truncum
685 1727 878 1806 protrudarrt3

86 1805 292 1891 cdmsuccus,
309 1818 513 1892 quoturgent,
534 1807 705 1892 compreffis
718 1809 796 1874 fibris
805 1827 888 1872 con·-

86 1890 170 1959 tineri
183 1906 323 1975 nequeat.

311 2058 653 2133 CarunIL

145 2230 201 2297 De
218 2225 401 2292 Plantarum
414 2225 614 2312 incrementa,
639 2218 677 2292 (ὅ
684 2223 813 2314 femine.

95 2377 221 2502 LEX
235 2379 431 2524 ἰξὰἓιιωῇεηι
438 2381 656 2480 dixinrtumon
663 2340 892 2483 difficile-altin-

195 2462 246 2524 tell
330 2460 504 2529 Plantarum
521 2477 767 2543 lucrementum,
795 2478 886 2547 atque

90 2545 159 2611 inde
173 2542 281 2629 gradus
295 2544 333 2608 ad
349 2565 454 2612 earum
467 2553 578 2614 natales
593 2549 656 2613 fieri
669 2565 735 2610 non
748 2545 891 2691 ῗξῐὲρο-

91 2627 152 2691 tell.
194 2625 340 2692 Attamen
352 2633 422 2711 quia
436 2649 482 2693 res
495 2631 585 2716 digna
600 2631 657 2709 est,
677 2648 751 2709 quae.
779 2631 887 2714 ngilla-

91 2714 147 2777 tim
161 2709 344 2789 explicetur,
373 2710 475 2791 paulld
492 2712 636 2793 copiosrds
652 2730 720 2774 eam
734 2712 886 2792 perseque-

93 2811 181 2868 mur;
203 2789 373 2886 &pauculis
381 2794 505 2874 quidem
519 2797 556 2859 de
571 2794 748 2861 motusucci
761 2794 886 2859 inacho·

94 2869 510 3043 {birrasndgfishgtbgadefileffim
527 2879 617 2962 folia,
636 2879 739 2956 stares,
754 2870 887 2953 stuata,

742 3054 772 3102 24
791 3032 817 3098 Ι.
835 3018 891 3100 Ut
