<?xml version="1.0" encoding="UTF-8"?>
<!DOCTYPE html PUBLIC "-//W3C//DTD XHTML 1.0 Transitional//EN"
    "http://www.w3.org/TR/xhtml1/DTD/xhtml1-transitional.dtd">
<html xmlns="http://www.w3.org/1999/xhtml" xml:lang="en" lang="en">
 <head>
  <title>
</title>
<meta http-equiv="Content-Type" content="text/html;charset=utf-8" />
  <meta name='ocr-system' content='tesseract 3.04.00' />
  <meta name='ocr-capabilities' content='ocr_page ocr_carea ocr_par ocr_line ocrx_word'/>
</head>
<body>
  <div class='ocr_page' id='page_1' title='image "./joannisclericio00clergoog_0034.png"; bbox 0 0 1928 3510; ppageno 0'>
   <div class='ocr_carea' id='block_1_1' title="bbox 137 110 850 232">
    <p class='ocr_par' dir='ltr' id='par_1_1' title="bbox 137 110 850 232">
     <span class='ocr_line' id='line_1_1' title="bbox 137 110 850 232; baseline 0.003 -24"><span class='ocrx_word' id='word_1_1' title='bbox 137 110 606 208; x_wconf 58' lang='lat' dir='ltr'>DbelantisdrAnimalibns.</span> <span class='ocrx_word' id='word_1_2' title='bbox 634 131 677 210; x_wconf 91' lang='lat' dir='ltr'>C.</span> <span class='ocrx_word' id='word_1_3' title='bbox 694 133 750 210; x_wconf 85' lang='lat' dir='ltr'>ll.</span> <span class='ocrx_word' id='word_1_4' title='bbox 801 141 850 232; x_wconf 60' lang='grc' dir='ltr'>ις</span> 
     </span>
    </p>
   </div>
   <div class='ocr_carea' id='block_1_2' title="bbox 10 231 915 3120">
    <p class='ocr_par' dir='ltr' id='par_1_2' title="bbox 10 231 915 3120">
     <span class='ocr_line' id='line_1_2' title="bbox 44 231 851 314; baseline -0.002 -15"><span class='ocrx_word' id='word_1_5' title='bbox 44 246 165 303; x_wconf 84' lang='lat' dir='ltr'>nuntur</span> <span class='ocrx_word' id='word_1_6' title='bbox 178 231 310 313; x_wconf 75' lang='lat' dir='ltr'>primum</span> <span class='ocrx_word' id='word_1_7' title='bbox 317 244 414 311; x_wconf 82' lang='lat' dir='ltr'>partes</span> <span class='ocrx_word' id='word_1_8' title='bbox 421 231 516 293; x_wconf 86' lang='lat' dir='ltr'>veluti</span> <span class='ocrx_word' id='word_1_9' title='bbox 523 231 687 311; x_wconf 85' lang='lat' dir='ltr'>inchoatae,</span> <span class='ocrx_word' id='word_1_10' title='bbox 707 231 851 314; x_wconf 47' lang='lat' dir='ltr'>&amp;fluido</span> 
     </span>
     <span class='ocr_line' id='line_1_3' title="bbox 47 311 853 401; baseline 0.001 -22"><span class='ocrx_word' id='word_1_11' title='bbox 47 312 255 401; x_wconf 75' lang='lat' dir='ltr'><strong>pelliculisque</strong></span> <span class='ocrx_word' id='word_1_12' title='bbox 269 312 413 395; x_wconf 80' lang='lat' dir='ltr'>inclusae,</span> <span class='ocrx_word' id='word_1_13' title='bbox 438 312 537 376; x_wconf 88' lang='lat' dir='ltr'>donec</span> <span class='ocrx_word' id='word_1_14' title='bbox 545 311 853 379; x_wconf 83' lang='lat' dir='ltr'>craffiores&amp;firmio·</span> 
     </span>
     <span class='ocr_line' id='line_1_4' title="bbox 48 394 854 478; baseline -0.002 -14"><span class='ocrx_word' id='word_1_15' title='bbox 48 419 97 465; x_wconf 85' lang='lat' dir='ltr'>res</span> <span class='ocrx_word' id='word_1_16' title='bbox 113 398 254 476; x_wconf 72' lang='lat' dir='ltr'>evadant3</span> <span class='ocrx_word' id='word_1_17' title='bbox 273 397 360 478; x_wconf 89' lang='lat' dir='ltr'>quod</span> <span class='ocrx_word' id='word_1_18' title='bbox 377 394 450 458; x_wconf 73' lang='lat' dir='ltr'>cum</span> <span class='ocrx_word' id='word_1_19' title='bbox 466 395 750 478; x_wconf 83' lang='lat' dir='ltr'>consequutaesunt,</span> <span class='ocrx_word' id='word_1_20' title='bbox 768 400 854 478; x_wconf 88' lang='lat' dir='ltr'>pelli-</span> 
     </span>
     <span class='ocr_line' id='line_1_5' title="bbox 51 476 855 561; baseline -0.002 -17"><span class='ocrx_word' id='word_1_21' title='bbox 51 484 130 546; x_wconf 84' lang='lat' dir='ltr'>culae</span> <span class='ocrx_word' id='word_1_22' title='bbox 145 482 201 544; x_wconf 85' lang='lat' dir='ltr'>illae</span> <span class='ocrx_word' id='word_1_23' title='bbox 216 494 374 544; x_wconf 85' lang='lat' dir='ltr'>exuuntur.</span> <span class='ocrx_word' id='word_1_24' title='bbox 395 476 526 542; x_wconf 83' lang='lat' dir='ltr'>Externa</span> <span class='ocrx_word' id='word_1_25' title='bbox 539 498 665 561; x_wconf 87' lang='lat' dir='ltr'>quoque</span> <span class='ocrx_word' id='word_1_26' title='bbox 677 480 769 560; x_wconf 79' lang='lat' dir='ltr'>folia²</span> <span class='ocrx_word' id='word_1_27' title='bbox 787 499 855 561; x_wconf 77' lang='lat' dir='ltr'>quae</span> 
     </span>
     <span class='ocr_line' id='line_1_6' title="bbox 74 559 856 648; baseline -0.001 -21"><span class='ocrx_word' id='word_1_28' title='bbox 74 583 210 627; x_wconf 84' lang='lat' dir='ltr'>ermnam</span> <span class='ocrx_word' id='word_1_29' title='bbox 223 576 345 648; x_wconf 82' lang='lat' dir='ltr'>tegunt,</span> <span class='ocrx_word' id='word_1_30' title='bbox 358 561 427 625; x_wconf 91' lang='lat' dir='ltr'>sunt</span> <span class='ocrx_word' id='word_1_31' title='bbox 444 559 563 625; x_wconf 75' lang='lat' dir='ltr'>tantum</span> <span class='ocrx_word' id='word_1_32' title='bbox 577 563 615 626; x_wconf 87' lang='lat' dir='ltr'>ad</span> <span class='ocrx_word' id='word_1_33' title='bbox 631 576 748 644; x_wconf 87' lang='lat' dir='ltr'>tempus</span> <span class='ocrx_word' id='word_1_34' title='bbox 764 609 774 643; x_wconf 89' lang='lat'>,</span> <span class='ocrx_word' id='word_1_35' title='bbox 803 575 856 626; x_wconf 85' lang='lat' dir='ltr'>aut</span> 
     </span>
     <span class='ocr_line' id='line_1_7' title="bbox 53 583 857 726; baseline -0.001 -16"><span class='ocrx_word' id='word_1_36' title='bbox 53 583 191 711; x_wconf 50' lang='lat' dir='ltr'>{ormam</span> <span class='ocrx_word' id='word_1_37' title='bbox 205 657 341 726; x_wconf 83' lang='lat' dir='ltr'>mutant,</span> <span class='ocrx_word' id='word_1_38' title='bbox 361 643 446 726; x_wconf 92' lang='lat' dir='ltr'>quod</span> <span class='ocrx_word' id='word_1_39' title='bbox 462 646 493 706; x_wconf 92' lang='lat' dir='ltr'>in</span> <span class='ocrx_word' id='word_1_40' title='bbox 509 645 593 707; x_wconf 86' lang='lat' dir='ltr'>variis</span> <span class='ocrx_word' id='word_1_41' title='bbox 608 642 720 708; x_wconf 78' lang='lat' dir='ltr'>Plantis</span> <span class='ocrx_word' id='word_1_42' title='bbox 736 644 857 709; x_wconf 87' lang='lat' dir='ltr'>contin·</span> 
     </span>
     <span class='ocr_line' id='line_1_8' title="bbox 55 724 858 814; baseline 0 -25"><span class='ocrx_word' id='word_1_43' title='bbox 55 730 108 814; x_wconf 81' lang='lat' dir='ltr'>git.</span> <span class='ocrx_word' id='word_1_44' title='bbox 151 727 229 790; x_wconf 84' lang='lat' dir='ltr'>Haec</span> <span class='ocrx_word' id='word_1_45' title='bbox 243 728 323 804; x_wconf 78' lang='lat' dir='ltr'>=folia</span> <span class='ocrx_word' id='word_1_46' title='bbox 335 745 402 790; x_wconf 92' lang='lat' dir='ltr'>non</span> <span class='ocrx_word' id='word_1_47' title='bbox 417 724 515 789; x_wconf 80' lang='lat' dir='ltr'>modo</span> <span class='ocrx_word' id='word_1_48' title='bbox 531 728 774 810; x_wconf 72' lang='lat' dir='ltr'>integumentum</span> <span class='ocrx_word' id='word_1_49' title='bbox 787 727 858 810; x_wconf 86' lang='lat' dir='ltr'>sunt</span> 
     </span>
     <span class='ocr_line' id='line_1_9' title="bbox 54 804 857 896; baseline -0.002 -22"><span class='ocrx_word' id='word_1_50' title='bbox 54 813 231 875; x_wconf 85' lang='lat' dir='ltr'>interiorum</span> <span class='ocrx_word' id='word_1_51' title='bbox 245 828 376 896; x_wconf 80' lang='lat' dir='ltr'>gemmae</span> <span class='ocrx_word' id='word_1_52' title='bbox 391 811 522 889; x_wconf 85' lang='lat' dir='ltr'>partium</span> <span class='ocrx_word' id='word_1_53' title='bbox 537 830 546 887; x_wconf 92' lang='lat'>;</span> <span class='ocrx_word' id='word_1_54' title='bbox 565 804 615 873; x_wconf 79' lang='lat' dir='ltr'>sed</span> <span class='ocrx_word' id='word_1_55' title='bbox 630 811 762 892; x_wconf 86' lang='lat' dir='ltr'>succus,</span> <span class='ocrx_word' id='word_1_56' title='bbox 790 828 857 890; x_wconf 89' lang='lat' dir='ltr'>quo</span> 
     </span>
     <span class='ocr_line' id='line_1_10' title="bbox 53 891 857 980; baseline -0.001 -23"><span class='ocrx_word' id='word_1_57' title='bbox 53 908 172 980; x_wconf 81' lang='lat' dir='ltr'>turgent</span> <span class='ocrx_word' id='word_1_58' title='bbox 187 894 308 957; x_wconf 89' lang='lat' dir='ltr'>utriculi</span> <span class='ocrx_word' id='word_1_59' title='bbox 319 893 434 973; x_wconf 85' lang='lat' dir='ltr'>¹quibus</span> <span class='ocrx_word' id='word_1_60' title='bbox 450 891 553 955; x_wconf 78' lang='lat' dir='ltr'>referta</span> <span class='ocrx_word' id='word_1_61' title='bbox 574 891 668 974; x_wconf 89' lang='lat' dir='ltr'>sunt,</span> <span class='ocrx_word' id='word_1_62' title='bbox 696 891 857 974; x_wconf 73' lang='lat' dir='ltr'>postqudm</span> 
     </span>
     <span class='ocr_line' id='line_1_11' title="bbox 53 973 856 1059; baseline 0.001 -19"><span class='ocrx_word' id='word_1_63' title='bbox 53 978 85 1040; x_wconf 93' lang='lat' dir='ltr'>in</span> <span class='ocrx_word' id='word_1_64' title='bbox 92 979 126 1040; x_wconf 84' lang='lat' dir='ltr'>iis</span> <span class='ocrx_word' id='word_1_65' title='bbox 133 977 200 1040; x_wconf 85' lang='lat' dir='ltr'>satis</span> <span class='ocrx_word' id='word_1_66' title='bbox 208 973 376 1039; x_wconf 67' lang='lat' dir='ltr'>concodeus</span> <span class='ocrx_word' id='word_1_67' title='bbox 385 975 457 1056; x_wconf 81' lang='lat' dir='ltr'>fuit,</span> <span class='ocrx_word' id='word_1_68' title='bbox 477 974 675 1058; x_wconf 82' lang='lat' dir='ltr'>regrediturin</span> <span class='ocrx_word' id='word_1_69' title='bbox 681 995 856 1059; x_wconf 83' lang='lat' dir='ltr'>gemmam,</span> 
     </span>
     <span class='ocr_line' id='line_1_12' title="bbox 53 1056 455 1142; baseline -0.012 -18"><span class='ocrx_word' id='word_1_70' title='bbox 53 1063 197 1142; x_wconf 71' lang='lat' dir='ltr'>novique</span> <span class='ocrx_word' id='word_1_71' title='bbox 210 1057 360 1139; x_wconf 88' lang='lat' dir='ltr'>protrudit</span> <span class='ocrx_word' id='word_1_72' title='bbox 374 1056 455 1120; x_wconf 85' lang='lat' dir='ltr'>folia.</span> 
     </span>
     <span class='ocr_line' id='line_1_13' title="bbox 98 1138 856 1227; baseline 0 -21"><span class='ocrx_word' id='word_1_73' title='bbox 98 1162 147 1227; x_wconf 86' lang='lat'>¹3·</span> <span class='ocrx_word' id='word_1_74' title='bbox 167 1138 215 1204; x_wconf 83' lang='lat' dir='ltr'>Ea</span> <span class='ocrx_word' id='word_1_75' title='bbox 230 1141 268 1206; x_wconf 89' lang='lat' dir='ltr'>de</span> <span class='ocrx_word' id='word_1_76' title='bbox 281 1142 416 1220; x_wconf 86' lang='lat' dir='ltr'>ratione,</span> <span class='ocrx_word' id='word_1_77' title='bbox 435 1140 508 1204; x_wconf 87' lang='lat' dir='ltr'>folia</span> <span class='ocrx_word' id='word_1_78' title='bbox 522 1141 573 1205; x_wconf 84' lang='lat' dir='ltr'>illa</span> <span class='ocrx_word' id='word_1_79' title='bbox 588 1160 654 1206; x_wconf 90' lang='lat' dir='ltr'>non</span> <span class='ocrx_word' id='word_1_80' title='bbox 669 1141 776 1206; x_wconf 90' lang='lat' dir='ltr'>habent</span> <span class='ocrx_word' id='word_1_81' title='bbox 790 1148 856 1206; x_wconf 81' lang='lat' dir='ltr'>tan-¹</span> 
     </span>
     <span class='ocr_line' id='line_1_14' title="bbox 54 1221 859 1306; baseline -0.001 -17"><span class='ocrx_word' id='word_1_82' title='bbox 54 1224 124 1289; x_wconf 76' lang='lat' dir='ltr'>nim</span> <span class='ocrx_word' id='word_1_83' title='bbox 138 1226 264 1287; x_wconf 88' lang='lat' dir='ltr'>unicam</span> <span class='ocrx_word' id='word_1_84' title='bbox 277 1221 392 1286; x_wconf 82' lang='lat' dir='ltr'>costam</span> <span class='ocrx_word' id='word_1_85' title='bbox 406 1223 539 1288; x_wconf 89' lang='lat' dir='ltr'>mediam</span> <span class='ocrx_word' id='word_1_86' title='bbox 554 1272 564 1305; x_wconf 84' lang='lat'>,</span> <span class='ocrx_word' id='word_1_87' title='bbox 590 1239 625 1288; x_wconf 89' lang='lat' dir='ltr'>ut</span> <span class='ocrx_word' id='word_1_88' title='bbox 649 1224 721 1288; x_wconf 85' lang='lat' dir='ltr'>folia</span> <span class='ocrx_word' id='word_1_89' title='bbox 734 1245 801 1306; x_wconf 86' lang='lat' dir='ltr'>quae</span> <span class='ocrx_word' id='word_1_90' title='bbox 818 1223 859 1288; x_wconf 84' lang='lat' dir='ltr'>ad</span> 
     </span>
     <span class='ocr_line' id='line_1_15' title="bbox 53 1300 915 1389; baseline -0.001 -18"><span class='ocrx_word' id='word_1_91' title='bbox 53 1306 170 1389; x_wconf 85' lang='lat' dir='ltr'>justam</span> <span class='ocrx_word' id='word_1_92' title='bbox 181 1305 420 1388; x_wconf 80' lang='lat' dir='ltr'><strong>magnitudinem</strong></span> <span class='ocrx_word' id='word_1_93' title='bbox 433 1300 592 1384; x_wconf 77' lang='lat' dir='ltr'>pervenere</span> <span class='ocrx_word' id='word_1_94' title='bbox 608 1353 618 1385; x_wconf 80' lang='lat'>‚</span> <span class='ocrx_word' id='word_1_95' title='bbox 638 1305 688 1369; x_wconf 90' lang='lat' dir='ltr'>sed</span> <span class='ocrx_word' id='word_1_96' title='bbox 702 1311 799 1372; x_wconf 86' lang='lat' dir='ltr'>varios</span> <span class='ocrx_word' id='word_1_97' title='bbox 814 1306 859 1370; x_wconf 75' lang='lat' dir='ltr'>fa-</span> <span class='ocrx_word' id='word_1_98' title='bbox 913 1316 915 1319; x_wconf 80' lang='grc'>’</span> 
     </span>
     <span class='ocr_line' id='line_1_16' title="bbox 56 1387 860 1469; baseline 0.002 -16"><span class='ocrx_word' id='word_1_99' title='bbox 56 1390 189 1454; x_wconf 89' lang='lat' dir='ltr'>sciculos</span> <span class='ocrx_word' id='word_1_100' title='bbox 206 1387 367 1464; x_wconf 83' lang='lat' dir='ltr'>fibrarum;</span> <span class='ocrx_word' id='word_1_101' title='bbox 393 1389 448 1468; x_wconf 86' lang='lat' dir='ltr'>qui</span> <span class='ocrx_word' id='word_1_102' title='bbox 465 1387 554 1451; x_wconf 68' lang='lat' dir='ltr'>lbafi</span> <span class='ocrx_word' id='word_1_103' title='bbox 568 1387 716 1451; x_wconf 87' lang='lat' dir='ltr'>foliorum</span> <span class='ocrx_word' id='word_1_104' title='bbox 731 1387 860 1469; x_wconf 65' lang='lat' dir='ltr'>porreeti</span> 
     </span>
     <span class='ocr_line' id='line_1_17' title="bbox 59 1467 861 1548; baseline -0.001 -14"><span class='ocrx_word' id='word_1_105' title='bbox 59 1473 207 1535; x_wconf 86' lang='lat' dir='ltr'>finiuntur</span> <span class='ocrx_word' id='word_1_106' title='bbox 221 1469 354 1533; x_wconf 85' lang='lat' dir='ltr'>utriculis</span> <span class='ocrx_word' id='word_1_107' title='bbox 367 1469 400 1532; x_wconf 85' lang='lat' dir='ltr'>iis</span> <span class='ocrx_word' id='word_1_108' title='bbox 412 1469 541 1533; x_wconf 83' lang='lat' dir='ltr'><strong>adnexis.</strong></span> <span class='ocrx_word' id='word_1_109' title='bbox 562 1467 861 1548; x_wconf 81' lang='lat' dir='ltr'>Itaqueeafolianon</span> 
     </span>
     <span class='ocr_line' id='line_1_18' title="bbox 60 1549 860 1631; baseline -0.008 -14"><span class='ocrx_word' id='word_1_110' title='bbox 60 1555 112 1617; x_wconf 93' lang='lat' dir='ltr'>diu</span> <span class='ocrx_word' id='word_1_111' title='bbox 127 1553 252 1631; x_wconf 81' lang='lat' dir='ltr'>durant,</span> <span class='ocrx_word' id='word_1_112' title='bbox 274 1566 325 1623; x_wconf 87' lang='lat' dir='ltr'>aut</span> <span class='ocrx_word' id='word_1_113' title='bbox 339 1552 421 1615; x_wconf 87' lang='lat' dir='ltr'>enim</span> <span class='ocrx_word' id='word_1_114' title='bbox 435 1552 529 1616; x_wconf 90' lang='lat' dir='ltr'>succo</span> <span class='ocrx_word' id='word_1_115' title='bbox 542 1549 683 1613; x_wconf 80' lang='lat' dir='ltr'>exhausto</span> <span class='ocrx_word' id='word_1_116' title='bbox 699 1549 860 1631; x_wconf 59' lang='lat' dir='ltr'>decidunt3</span> 
     </span>
     <span class='ocr_line' id='line_1_19' title="bbox 62 1633 861 1780; baseline 0.001 -81"><span class='ocrx_word' id='word_1_117' title='bbox 62 1649 114 1699; x_wconf 84' lang='lat' dir='ltr'>aut</span> <span class='ocrx_word' id='word_1_118' title='bbox 120 1635 288 1780; x_wconf 54' lang='lat' dir='ltr'>&lt;ilnserviunt</span> <span class='ocrx_word' id='word_1_119' title='bbox 304 1634 470 1698; x_wconf 82' lang='lat' dir='ltr'>conflandae</span> <span class='ocrx_word' id='word_1_120' title='bbox 484 1647 696 1722; x_wconf 82' lang='lat' dir='ltr'>perpetuorum</span> <span class='ocrx_word' id='word_1_121' title='bbox 713 1633 861 1700; x_wconf 87' lang='lat' dir='ltr'>foliorum</span> 
     </span>
     <span class='ocr_line' id='line_1_20' title="bbox 60 1736 506 1781; baseline -0.002 -1"><span class='ocrx_word' id='word_1_122' title='bbox 60 1737 121 1781; x_wconf 84' lang='lat' dir='ltr'>cau</span> <span class='ocrx_word' id='word_1_123' title='bbox 141 1738 175 1778; x_wconf 82' lang='lat' dir='ltr'>ae.</span> <span class='ocrx_word' id='word_1_124' title='bbox 329 1759 332 1764; x_wconf 86' lang='lat'>-</span> <span class='ocrx_word' id='word_1_125' title='bbox 501 1736 506 1743; x_wconf 83' lang='lat'><em>·</em></span> 
     </span>
     <span class='ocr_line' id='line_1_21' title="bbox 106 1797 863 1882; baseline 0.009 -20"><span class='ocrx_word' id='word_1_126' title='bbox 106 1817 156 1880; x_wconf 85' lang='lat'>14.</span> <span class='ocrx_word' id='word_1_127' title='bbox 177 1797 299 1863; x_wconf 89' lang='lat' dir='ltr'>Horum</span> <span class='ocrx_word' id='word_1_128' title='bbox 323 1819 448 1882; x_wconf 87' lang='lat' dir='ltr'>quoque</span> <span class='ocrx_word' id='word_1_129' title='bbox 473 1801 695 1867; x_wconf 87' lang='lat' dir='ltr'>diuturniorum</span> <span class='ocrx_word' id='word_1_130' title='bbox 712 1802 863 1868; x_wconf 87' lang='lat' dir='ltr'>foliorum</span> 
     </span>
     <span class='ocr_line' id='line_1_22' title="bbox 60 1879 862 1967; baseline 0.005 -20"><span class='ocrx_word' id='word_1_131' title='bbox 60 1884 151 1967; x_wconf 82' lang='lat' dir='ltr'>digna</span> <span class='ocrx_word' id='word_1_132' title='bbox 174 1879 215 1944; x_wconf 87' lang='lat' dir='ltr'>est</span> <span class='ocrx_word' id='word_1_133' title='bbox 237 1881 422 1946; x_wconf 85' lang='lat' dir='ltr'>confideratu</span> <span class='ocrx_word' id='word_1_134' title='bbox 436 1882 586 1949; x_wconf 85' lang='lat' dir='ltr'>formatio.</span> <span class='ocrx_word' id='word_1_135' title='bbox 625 1884 763 1950; x_wconf 79' lang='lat' dir='ltr'>Primtim</span> <span class='ocrx_word' id='word_1_136' title='bbox 778 1889 862 1952; x_wconf 88' lang='lat' dir='ltr'>enim</span> 
     </span>
     <span class='ocr_line' id='line_1_23' title="bbox 61 1962 863 2050; baseline 0.006 -22"><span class='ocrx_word' id='word_1_137' title='bbox 61 1967 192 2028; x_wconf 82' lang='lat' dir='ltr'>cernitur</span> <span class='ocrx_word' id='word_1_138' title='bbox 201 1962 280 2040; x_wconf 80' lang='lat' dir='ltr'>¹costa</span> <span class='ocrx_word' id='word_1_139' title='bbox 286 1963 380 2028; x_wconf 89' lang='lat' dir='ltr'>succo</span> <span class='ocrx_word' id='word_1_140' title='bbox 387 1968 491 2047; x_wconf 85' lang='lat' dir='ltr'>plena,</span> <span class='ocrx_word' id='word_1_141' title='bbox 508 1966 556 2031; x_wconf 86' lang='lat' dir='ltr'>eui</span> <span class='ocrx_word' id='word_1_142' title='bbox 563 1967 632 2030; x_wconf 80' lang='lat' dir='ltr'>sunt</span> <span class='ocrx_word' id='word_1_143' title='bbox 639 1972 789 2050; x_wconf 87' lang='lat' dir='ltr'>utrimque</span> <span class='ocrx_word' id='word_1_144' title='bbox 795 1972 863 2050; x_wconf 57' lang='lat' dir='ltr'>plu*</span> 
     </span>
     <span class='ocr_line' id='line_1_24' title="bbox 61 2047 863 2129; baseline 0.001 -18"><span class='ocrx_word' id='word_1_145' title='bbox 61 2051 147 2111; x_wconf 79' lang='lat' dir='ltr'>rimae</span> <span class='ocrx_word' id='word_1_146' title='bbox 162 2047 281 2110; x_wconf 79' lang='lat' dir='ltr'>adnenae</span> <span class='ocrx_word' id='word_1_147' title='bbox 297 2048 378 2110; x_wconf 71' lang='lat' dir='ltr'>fibrae</span> <span class='ocrx_word' id='word_1_148' title='bbox 394 2066 460 2127; x_wconf 89' lang='lat' dir='ltr'>,ex</span> <span class='ocrx_word' id='word_1_149' title='bbox 475 2052 582 2129; x_wconf 89' lang='lat' dir='ltr'>quibus</span> <span class='ocrx_word' id='word_1_150' title='bbox 597 2054 812 2116; x_wconf 76' lang='lat' dir='ltr'>membranulae</span> <span class='ocrx_word' id='word_1_151' title='bbox 827 2056 863 2112; x_wconf 62' lang='lat' dir='ltr'>uss</span> 
     </span>
     <span class='ocr_line' id='line_1_25' title="bbox 60 2128 863 2209; baseline 0 -17"><span class='ocrx_word' id='word_1_152' title='bbox 60 2132 155 2192; x_wconf 87' lang='lat' dir='ltr'>trium</span> <span class='ocrx_word' id='word_1_153' title='bbox 169 2128 267 2209; x_wconf 81' lang='lat' dir='ltr'>postea</span> <span class='ocrx_word' id='word_1_154' title='bbox 283 2129 432 2209; x_wconf 84' lang='lat' dir='ltr'>pendent3</span> <span class='ocrx_word' id='word_1_155' title='bbox 475 2132 592 2197; x_wconf 86' lang='lat' dir='ltr'>uamvis</span> <span class='ocrx_word' id='word_1_156' title='bbox 607 2136 698 2195; x_wconf 87' lang='lat' dir='ltr'>nullae</span> <span class='ocrx_word' id='word_1_157' title='bbox 705 2134 790 2194; x_wconf 87' lang='lat' dir='ltr'>initio</span> <span class='ocrx_word' id='word_1_158' title='bbox 800 2148 863 2192; x_wconf 68' lang='lat' dir='ltr'>cer&#39;·</span> 
     </span>
     <span class='ocr_line' id='line_1_26' title="bbox 63 2150 864 2296; baseline 0.002 -23"><span class='ocrx_word' id='word_1_159' title='bbox 63 2226 190 2291; x_wconf 81' lang='lat' dir='ltr'>namur,</span> <span class='ocrx_word' id='word_1_160' title='bbox 211 2211 264 2275; x_wconf 90' lang='lat' dir='ltr'>sed</span> <span class='ocrx_word' id='word_1_161' title='bbox 279 2209 399 2276; x_wconf 75' lang='lat' dir='ltr'>tantum</span> <span class='ocrx_word' id='word_1_162' title='bbox 414 2150 570 2296; x_wconf 62' lang='lat' dir='ltr'>podqurm</span> <span class='ocrx_word' id='word_1_163' title='bbox 576 2215 683 2278; x_wconf 85' lang='lat' dir='ltr'>succus</span> <span class='ocrx_word' id='word_1_164' title='bbox 691 2233 738 2277; x_wconf 89' lang='lat' dir='ltr'>eas</span> <span class='ocrx_word' id='word_1_165' title='bbox 746 2213 864 2277; x_wconf 87' lang='lat' dir='ltr'>subiens</span> 
     </span>
     <span class='ocr_line' id='line_1_27' title="bbox 66 2292 864 2378; baseline 0.008 -23"><span class='ocrx_word' id='word_1_166' title='bbox 66 2297 190 2374; x_wconf 82' lang='lat' dir='ltr'>explicat</span> <span class='ocrx_word' id='word_1_167' title='bbox 205 2293 235 2356; x_wconf 71' lang='grc' dir='ltr'>ἃ</span> <span class='ocrx_word' id='word_1_168' title='bbox 251 2292 352 2357; x_wconf 84' lang='lat' dir='ltr'>dilatat</span> <span class='ocrx_word' id='word_1_169' title='bbox 367 2296 504 2361; x_wconf 82' lang='lat' dir='ltr'>flaccidas</span> <span class='ocrx_word' id='word_1_170' title='bbox 525 2299 768 2378; x_wconf 72' lang='lat' dir='ltr'>membranulae,</span> <span class='ocrx_word' id='word_1_171' title='bbox 796 2314 864 2378; x_wconf 76' lang='lat' dir='ltr'>quae</span> 
     </span>
     <span class='ocr_line' id='line_1_28' title="bbox 68 2375 855 2455; baseline 0.011 -18"><span class='ocrx_word' id='word_1_172' title='bbox 68 2375 168 2455; x_wconf 82' lang='lat' dir='ltr'>postea</span> <span class='ocrx_word' id='word_1_173' title='bbox 181 2375 369 2440; x_wconf 88' lang='lat' dir='ltr'>latitudinem</span> <span class='ocrx_word' id='word_1_174' title='bbox 381 2379 528 2443; x_wconf 88' lang='lat' dir='ltr'>foliorum</span> <span class='ocrx_word' id='word_1_175' title='bbox 543 2382 683 2444; x_wconf 87' lang='lat' dir='ltr'>conflant.</span> <span class='ocrx_word' id='word_1_176' title='bbox 843 2383 855 2399; x_wconf 81' lang='grc'>’“</span> 
     </span>
     <span class='ocr_line' id='line_1_29' title="bbox 75 2457 864 2543; baseline 0.005 -23"><span class='ocrx_word' id='word_1_177' title='bbox 75 2484 78 2489; x_wconf 91' lang='grc'><em>·</em></span> <span class='ocrx_word' id='word_1_178' title='bbox 114 2476 163 2537; x_wconf 84' lang='lat'>15.</span> <span class='ocrx_word' id='word_1_179' title='bbox 183 2457 215 2521; x_wconf 90' lang='lat' dir='ltr'>Si</span> <span class='ocrx_word' id='word_1_180' title='bbox 236 2477 428 2543; x_wconf 73' lang='lat' dir='ltr'>queramus,</span> <span class='ocrx_word' id='word_1_181' title='bbox 457 2482 521 2543; x_wconf 93' lang='lat' dir='ltr'>quo</span> <span class='ocrx_word' id='word_1_182' title='bbox 539 2475 675 2542; x_wconf 85' lang='lat' dir='ltr'>tempore</span> <span class='ocrx_word' id='word_1_183' title='bbox 696 2463 864 2527; x_wconf 86' lang='lat' dir='ltr'>formentur</span> 
     </span>
     <span class='ocr_line' id='line_1_30' title="bbox 65 2537 865 2632; baseline 0.008 -30"><span class='ocrx_word' id='word_1_184' title='bbox 65 2558 216 2632; x_wconf 70' lang='lat' dir='ltr'>gemme,</span> <span class='ocrx_word' id='word_1_185' title='bbox 235 2559 288 2604; x_wconf 81' lang='lat' dir='ltr'>eus</span> <span class='ocrx_word' id='word_1_186' title='bbox 301 2544 434 2622; x_wconf 86' lang='lat' dir='ltr'>protrudi</span> <span class='ocrx_word' id='word_1_187' title='bbox 452 2537 693 2623; x_wconf 81' lang='lat' dir='ltr'>comperiemus,</span> <span class='ocrx_word' id='word_1_188' title='bbox 714 2543 787 2607; x_wconf 75' lang='lat' dir='ltr'>crim</span> <span class='ocrx_word' id='word_1_189' title='bbox 800 2563 865 2608; x_wconf 86' lang='lat' dir='ltr'>ma·</span> 
     </span>
     <span class='ocr_line' id='line_1_31' title="bbox 67 2621 865 2707; baseline 0.011 -23"><span class='ocrx_word' id='word_1_190' title='bbox 67 2642 120 2704; x_wconf 64' lang='lat' dir='ltr'>jor</span> <span class='ocrx_word' id='word_1_191' title='bbox 126 2621 205 2686; x_wconf 87' lang='lat' dir='ltr'>succi</span> <span class='ocrx_word' id='word_1_192' title='bbox 213 2627 300 2703; x_wconf 85' lang='lat' dir='ltr'>copia</span> <span class='ocrx_word' id='word_1_193' title='bbox 307 2649 323 2704; x_wconf 86' lang='lat'>,·</span> <span class='ocrx_word' id='word_1_194' title='bbox 337 2625 490 2707; x_wconf 74' lang='lat' dir='ltr'>partesque</span> <span class='ocrx_word' id='word_1_195' title='bbox 498 2623 770 2706; x_wconf 79' lang='lat' dir='ltr'>ejusvehementius</span> <span class='ocrx_word' id='word_1_196' title='bbox 779 2646 865 2692; x_wconf 91' lang='lat' dir='ltr'>com·</span> 
     </span>
     <span class='ocr_line' id='line_1_32' title="bbox 71 2705 867 2790; baseline 0.01 -22"><span class='ocrx_word' id='word_1_197' title='bbox 71 2717 166 2768; x_wconf 82' lang='lat' dir='ltr'>motae</span> <span class='ocrx_word' id='word_1_198' title='bbox 179 2705 265 2770; x_wconf 75' lang='lat' dir='ltr'>fibras</span> <span class='ocrx_word' id='word_1_199' title='bbox 279 2708 309 2769; x_wconf 81' lang='lat' dir='ltr'>vi</span> <span class='ocrx_word' id='word_1_200' title='bbox 323 2705 447 2771; x_wconf 74' lang='lat' dir='ltr'>lledlunt</span> <span class='ocrx_word' id='word_1_201' title='bbox 462 2757 471 2790; x_wconf 86' lang='lat'><strong>‚</strong></span> <span class='ocrx_word' id='word_1_202' title='bbox 493 2721 580 2789; x_wconf 85' lang='lat' dir='ltr'>atque</span> <span class='ocrx_word' id='word_1_203' title='bbox 594 2727 629 2772; x_wconf 84' lang='lat' dir='ltr'>ex</span> <span class='ocrx_word' id='word_1_204' title='bbox 641 2725 751 2776; x_wconf 89' lang='lat' dir='ltr'>trunco</span> <span class='ocrx_word' id='word_1_205' title='bbox 765 2730 867 2775; x_wconf 88' lang='lat' dir='ltr'>erum·</span> 
     </span>
     <span class='ocr_line' id='line_1_33' title="bbox 71 2789 866 2876; baseline 0.014 -28"><span class='ocrx_word' id='word_1_206' title='bbox 71 2806 141 2868; x_wconf 87' lang='lat' dir='ltr'>pere</span> <span class='ocrx_word' id='word_1_207' title='bbox 157 2802 271 2870; x_wconf 80' lang='lat' dir='ltr'>cogunt</span> <span class='ocrx_word' id='word_1_208' title='bbox 288 2809 298 2866; x_wconf 93' lang='grc'><strong>;</strong></span> <span class='ocrx_word' id='word_1_209' title='bbox 324 2789 400 2853; x_wconf 79' lang='lat' dir='ltr'>adeo</span> <span class='ocrx_word' id='word_1_210' title='bbox 422 2805 457 2854; x_wconf 88' lang='lat' dir='ltr'>ut</span> <span class='ocrx_word' id='word_1_211' title='bbox 478 2791 643 2872; x_wconf 76' lang='lat' dir='ltr'>duplicibus</span> <span class='ocrx_word' id='word_1_212' title='bbox 667 2795 746 2859; x_wconf 81' lang='lat' dir='ltr'>fibris</span> <span class='ocrx_word' id='word_1_213' title='bbox 765 2794 866 2876; x_wconf 65' lang='lat' dir='ltr'>fadis,</span> 
     </span>
     <span class='ocr_line' id='line_1_34' title="bbox 71 2873 866 2963; baseline 0.013 -32"><span class='ocrx_word' id='word_1_214' title='bbox 71 2890 113 2932; x_wconf 73' lang='lat' dir='ltr'>ee</span> <span class='ocrx_word' id='word_1_215' title='bbox 136 2888 203 2950; x_wconf 84' lang='lat' dir='ltr'>quae</span> <span class='ocrx_word' id='word_1_216' title='bbox 226 2873 441 2950; x_wconf 80' lang='lat' dir='ltr'>protruduntur</span> <span class='ocrx_word' id='word_1_217' title='bbox 460 2892 544 2939; x_wconf 89' lang='lat' dir='ltr'>novo</span> <span class='ocrx_word' id='word_1_218' title='bbox 562 2877 712 2963; x_wconf 75' lang='lat' dir='ltr'>indigeant</span> <span class='ocrx_word' id='word_1_219' title='bbox 734 2881 866 2955; x_wconf 84' lang='lat' dir='ltr'>cortice,</span> 
     </span>
     <span class='ocr_line' id='line_1_35' title="bbox 68 2949 867 3044; baseline 0.008 -29"><span class='ocrx_word' id='word_1_220' title='bbox 68 2970 138 3034; x_wconf 83' lang='lat' dir='ltr'>quo</span> <span class='ocrx_word' id='word_1_221' title='bbox 154 2949 322 3015; x_wconf 82' lang='lat' dir='ltr'>vestiantm.</span> <span class='ocrx_word' id='word_1_222' title='bbox 343 2952 463 3021; x_wconf 80' lang='lat' dir='ltr'>Euhoe</span> <span class='ocrx_word' id='word_1_223' title='bbox 479 2972 580 3025; x_wconf 84' lang='lat' dir='ltr'>autem</span> <span class='ocrx_word' id='word_1_224' title='bbox 595 2964 706 3030; x_wconf 84' lang='lat' dir='ltr'>cortice</span> <span class='ocrx_word' id='word_1_225' title='bbox 720 2963 867 3044; x_wconf 85' lang='lat' dir='ltr'>prodeunt</span> 
     </span>
     <span class='ocr_line' id='line_1_36' title="bbox 10 3026 866 3120; baseline 0.008 -23"><span class='ocrx_word' id='word_1_226' title='bbox 10 3068 12 3073; x_wconf 95' lang='lat'>·</span> <span class='ocrx_word' id='word_1_227' title='bbox 69 3064 73 3070; x_wconf 95' lang='lat'>·</span> <span class='ocrx_word' id='word_1_228' title='bbox 99 3068 105 3083; x_wconf 63' lang='grc' dir='ltr'><em>ι</em></span> <span class='ocrx_word' id='word_1_229' title='bbox 137 3026 251 3099; x_wconf 81' lang='lat' dir='ltr'>Tomus</span> <span class='ocrx_word' id='word_1_230' title='bbox 273 3034 333 3102; x_wconf 83' lang='lat' dir='ltr'>IV.</span> <span class='ocrx_word' id='word_1_231' title='bbox 583 3040 610 3108; x_wconf 93' lang='lat' dir='ltr'>B</span> <span class='ocrx_word' id='word_1_232' title='bbox 779 3040 866 3120; x_wconf 77' lang='lat' dir='ltr'>folia,</span> 
     </span>
    </p>
   </div>
   <div class='ocr_carea' id='block_1_3' title="bbox 0 0 986 3510">
    <p class='ocr_par' dir='ltr' id='par_1_3' title="bbox 0 0 986 3510">
     <span class='ocr_line' id='line_1_37' title="bbox 0 0 986 3510; baseline 0 0"><span class='ocrx_word' id='word_1_233' title='bbox 0 0 986 3510; x_wconf 95' lang='lat' dir='ltr'> </span> 
     </span>
    </p>
   </div>
  </div>
 </body>
</html>
