1928 3510
173 172 226 244 De
244 183 372 275 Corpore
389 175 421 243 in
440 179 572 244 Genera.
599 173 641 247 C.
659 175 734 252 XIt
784 202 868 265 ιη

65 274 86 336 li
102 288 251 351 ponamus
267 273 421 335 nonnullis
438 272 477 332 ita
492 267 548 332 effe
564 269 714 350 dispositos
730 274 859 341 olfadlo·

66 358 125 418 rios
135 375 261 435 nervos,
282 370 315 438 ut
322 357 471 437 particulis
479 351 582 416 Musei
590 354 777 420 vehementer
785 381 861 423 cou-

69 440 232 517 cutiantur,
241 492 245 500 .
254 452 303 501 aut
317 459 391 501 eum
406 440 502 500 nervis
518 432 876 517 inessesuccumquifer·-

69 535 137 583 veat
152 523 185 583 iis
197 522 344 601 particulis
361 519 488 585 admistis
506 539 515 596 3
543 516 656 580 necesse
680 520 733 580 etit
747 518 866 587 Museo

69 602 195 666 admoto
202 620 310 666 corum
318 606 473 666 cerebrum
480 601 664 678 conturbari,
681 599 879 683 eosquever--

68 687 90 748 ti
113 687 218 764 nem,
246 685 276 747 dr
303 686 455 749 interdum
481 686 574 747 animi
601 683 769 762 deliquium
797 688 865 765 pati.

114 769 255 831 ulieribus'
271 767 344 830 vero
359 768 527 850 hystericis‚
557 763 631 828 cum
646 767 800 829 cerebrum
815 786 867 832 va·

67 853 190 930 poribus
206 854 334 930 plenum
346 852 563 930 habent,·tete'r
579 848 657 911 odor
664 849 804 934 admotus
812 869 867 930 po·

67 933 120 996 test
135 935 175 997 ita
190 946 353 1014 concutere
367 951 492 1010 nervos,
515 946 547 994 ut
555 950 678 1010 vapores
689 934 795 1010 quibus
807 936 866 998 im-

69 1017 260 1096 pediebantur
275 1015 441 1095 excutiant,
461 1012 597 1093 adeoque
613 1032 694 1097 aegrae
714 1015 751 1078 ad
771 1016 801 1080 se
820 1038 865 1094 te·

68 1099 166 1161 deant.
206 1097 327 1161 Verum*
346 1099 407 1160 lraec
429 1098 630 1177 particulatim
658 1116 722 1159 non
745 1097 866 1177 poliunt

69 1180 221 1260 explicari,
241 1182 312 1262 quia
327 1195 464 1244 accurata
479 1181 611 1262 cognitio
627 1198 813 1261 nervorum,
835 1181 869 1244 u

69 1263 151 1326 succi
165 1265 217 1344 qui
232 1264 264 1326 in
279 1264 313 1326 iis
328 1263 369 1326 est
383 1311 392 1343 ‚
415 1278 448 1326 ut
461 1261 490 1325 ἃ
504 1264 697 1325 odoratarum
711 1267 867 1343 particula·

70 1364 158 1424 rum,
180 1347 345 1426 harumque
357 1344 479 1423 motus,
498 1344 584 1424 supra
598 1346 762 1410 humanam
776 1348 864 1413 indu.

70 1426 170 1490 striam
205 1427 337 1505 ofitacst.

116 1507 165 1574 18.
185 1445 401 1592 {ixHypothefi
416 1505 582 1572 memorata
592 1508 790 1571 hocunums
820 1514 870 1574 ui-

70 1586 146 1672 tur,'
168 1594 402 1675 quodaliq'uam
416 1594 623 1657 difficultatem
636 1611 731 1655 creare
751 1602 791 1670 po
813 1604 836 1654 'lt
853 1612 863 1670 ;

71 1689 226 1755 oportere,
249 1682 373 1757 nempe,
395 1695 520 1756 corpora
533 1674 677 1753 odorata,
697 1675 773 1737 dum
788 1676 866 1739 odo·

73 1776 140 1819 rem
155 1760 312 1838 emittunt,
331 1758 474 1839 perpetud
491 1759 604 1837 minui,
625 1758 709 1838 quod
724 1759 864 1822 tamenin

72 1843 208 1920 plurimis
230 1860 295 1904 non
311 1841 541 1921 deprehenditur.
583 1839 700 1905 Verum
716 1841 781 1905 sunt
799 1862 866 1909 cor.-

72 1941 146 2002 pora
161 1924 309 2002 odorata,
335 1944 402 2006 quae
417 1926 493 1990 dum
508 1926 636 1990 odorem
647 1927 786 1990 emittunt
802 1946 867 1990 rna·

74 2005 180 2069 nifesto
196 2008 397 2088 minuuntur,
426 2022 459 2071 ut
473 2028 539 2087 que
562 2007 759 2072 calefaciendo
775 2009 864 2088 sunt,

75 2100 109 2149 ut
123 2090 241 2152 effluvia
256 2088 380 2153 odorata
387 2109 422 2152 ex
431 2091 463 2152 iis
471 2108 608 2150 emanare
620 2087 743 2166 poilmt3
763 2091 867 2152 fumus

75 2173 157 2233 enim
173 2171 351 2251 conspicuus
362 2173 526 2247 eriserit,
548 2169 703 2248 &pondus
712 2173 801 2232 etiam
809 2173 867 2232 mi-

76 2255 129 2315 nui
145 2254 216 2318 libri
231 2255 464 2334 deprehenditur.
507 2253 610 2317 Flore-s
624 2251 781 2329 &Herba7
802 2272 868 2332 quoe

76 2349 207 2400 recentes
234 2357 383 2421 magnum
409 2338 538 2399 odorem
563 2336 693 2413 habent,
729 2333 869 2397 exficcata

73 2416 179 2481 multo
194 2421 364 2497 minorcm3
384 2417 488 2482 amilio
503 2418 761 2497 odore‚amittunt
778 2418 869 2482 etiam

75 2501 205 2581 pondus.
248 2502 309 2567 Sed
329 2503 397 2567 sunt
418 2502 474 2565 alia
495 2520 619 2580 corpora
638 2502 780 2580 odorata,
803 2520 870 2581 qua

76 2585 216 2667 exiguam
235 2585 405 2648 admodum
425 2587 545 2664 copiam
572 2584 821 2663 corpusculorum
839 2603 870 2646 e·

76 2668 230 2747 mittunt,
269 2667 406 2749 adeoque
439 2667 535 2730 minui
566 2668 614 2729 vix
648 2666 870 2744 deprehendun-

75 2762 141 2831 tur,
162 2749 234 2814 cum
252 2751 410 2831 prasertim
430 2770 464 2813 ea
483 2749 659 2829 corpuscula
674 2748 799 2812 smnmae
816 2750 871 2816 fint

75 2834 234 2897 tenuitatis.
276 2833 350 2898 Huc
368 2835 481 2898 accedit
500 2831 585 2914 quod
605 2831 729 2896 odorata
750 2836 871 2916 corpus·

76 2919 147 2979 cula
162 2916 213 2979 diu
228 2917 306 2980 circa
322 2937 429 2997 corpus
444 2918 606 2981 odoratum
612 2916 736 2980 volitare
743 2934 870 3000 queant,

73 2998 109 3064 ἀ
131 2997 232 3082 sapius
252 3001 424 3071 adficiendis
444 3003 561 3071 naribus
581 2998 717 3068 tuservre
736 3000 871 3144 poffinatd,
