1928 3510
174 132 229 206 De
238 112 625 207 Plentisfflnimalibus.
650 132 694 212 C.
710 132 767 213 ῙῙ.
833 158 885 232 27

81 233 226 298 natiuae
245 224 407 310 foliorum,
427 233 512 294 variis
541 232 651 310 prediti
675 233 745 296 lunt
771 232 885 321 figuris.

89 318 272 381 Haecautem
281 315 403 393 omnia,
424 315 456 377 in
469 313 566 393 foliis,
581 313 659 380 tedia
672 313 740 378 sunt
754 317 884 385 tenuiffi·

88 399 142 464 mi
158 398 294 479 pellicull
310 397 431 477 spinulis
444 398 607 478 horrente,
635 409 686 461 aut
700 397 885 467 subtilili'trnh

90 485 238 567 lanugine.
280 479 428 544 Extremae
442 492 536 560 partes
547 479 714 563 foliorum,
734 501 802 563 quae
814 485 887 547 inae·

84 569 190 649 quales
205 566 300 645 sunt,
320 562 455 626 constant
469 562 615 626 fasciculis
630 565 773 628 fibrarum
788 611 798 645 ,
819 584 888 647 quae

89 647 139 712 hic
165 650 229 711 illic
255 647 450 726 prominent,
484 643 604 726 adjedis
632 649 892 726 protuberantibus

90 729 295 811 corpusculis3
315 747 381 810 quae
393 727 543 791 viscidum
557 726 699 811 succum,
721 731 797 794 dum
804 745 888 797 tene·

85 836 121 897 ra
133 815 204 878 sunt
220 813 308 895 folia,
330 823 479 889 vomunt,
499 810 625 892 sedquae
632 811 890 880 aestateficcantur.

84 898 125 961 “ln
140 894 410 975 nonnullisfoliis,
430 893 549 956 utriculi
564 894 632 958 sunt
639 896 744 961 oleoso
750 898 891 995 quodam

91 983 208 1061 liquore
220 991 372 1062 turgentes
389 997 398 1055 ;
418 989 506 1057 atque
520 977 552 1038 in
567 981 721 1042 nonnullis
736 980 824 1060 anis,
852 992 890 1046 ut

91 1056 581 1158 infoliifficuumfflororum,
600 1060 751 1142 perspicue
759 1063 890 1127 cernitur

92 1144 227 1210 vasladle
234 1143 411 1223 distentum,
431 1155 506 1205 mter
513 1144 582 1205 alias
590 1143 694 1222 fibras3
714 1144 889 1226 nequealia-

88 1249 164 1375 }um
170 1226 398 1372 (airborumfoliis
407 1226 892 1309 malogumquodpiamvasdees-

88 1357 91 1360 -
104 1332 122 1374 e
136 1312 168 1373 vi
190 1322 266 1372 etur.

141 1389 190 1455 18.
214 1390 301 1454 Folia
316 1402 414 1454 autem
429 1387 593 1453 Autumno
607 1389 719 1452 cadunt
734 1438 744 1471 ,
766 1391 839 1458 crim
854 1414 894 1460 ert·

86 1475 198 1557 'petioli
212 1492 294 1555 pars,
314 1492 380 1555 quae
394 1486 504 1537 trunco
517 1472 640 1536 adheret
654 1518 664 1550 ,
686 1487 824 1552 corrupta
838 1476 890 1538 e'st.

91 1559 152 1623 Sed
166 1554 329 1638 antequim
343 1551 402 1620 ho'c
416 1556 468 1619 filit
483 1606 493 1638 ,
514 1555 621 1618 succus
643 1556 844 1620 utriculorum
858 1559 893 1624 in

92 1659 217 1722 vapores
224 1642 298 1718 abit,
319 1637 413 1725 &qui
429 1637 470 1701 est
485 1641 516 1701 in
531 1639 610 1702 fibris
618 1637 752 1721 putrefit,
772 1639 893 1706 fortalle

92 1724 212 1807 quiasat
220 1723 473 1787 multasvolatiles
482 1722 635 1799 particulas
643 1723 809 1789 nonhabet.
830 1720 892 1790 Ce-

94 1806 193 1872 terum
211 1809 263 1870 ille
277 1805 383 1869 succus
399 1807 432 1868 in
445 1804 525 1867 foliis
541 1807 761 1889 concoquitur,
782 1827 891 1890 quem·
911 1874 915 1882 ,

94 1889 265 1955 admodum
278 1891 310 1952 in
324 1888 444 1968 reliquis
459 1888 600 1951 arborum
615 1891 752 1969 partibus.

138 1992 187 2056 19.
208 1971 277 2051 er
292 1970 311 2032 li
328 1984 474 2052 queratur
487 1969 647 2035 Foliorum
656 1972 742 2053 usus,
763 1972 892 2038 inPlan-
919 2039 923 2045 ,

934 2062 938 2073 ’

96 2185 174 2283 lium
194 2218 309 2284 constat
329 2221 451 2299 nervis,
479 2222 585 2282 arteriis
605 2268 614 2300 ,
643 2221 750 2298 venir,
777 2218 896 2282 vasibus

92 2304 307 2383 lymphaticis,
335 2302 514 2365 terrdonibus
544 2302 751 2386 &glandulis
794 2300 894 2366 Partes

96 2385 177 2451 succi
193 2387 323 2450 nutritivi
339 2404 405 2465 quae
421 2383 459 2446 eb
476 2386 604 2448 influunt
620 2434 629 2466 ,
649 2405 764 2449 novam
780 2388 842 2449 illic
857 2386 893 2446 fi-

93 2488 204 2552 guram
218 2467 440 2550 adipiscuntur3
466 2467 627 2546 superfluus
644 2470 754 2532 humor
768 2468 894 2530 secerni·

93 2568 145 2614 tur
159 2553 260 2632 tubis,
278 2553 329 2632 qui
343 2547 430 2612 facile
446 2562 607 2613 cernuntur
623 2570 632 2625 3
659 2553 798 2696 varilpue
812 2567 898 2633 nova

95 2636 243 2698 femrenta
261 2637 330 2698 illac
342 2635 556 2713 percolantur,
584 2630 660 2694 adeo
682 2646 716 2695 ut
749 2651 842 2695 uccus
863 2633 896 2696 in

10 2780 12 2787 ,
94 2730 192 2796 partes
206 2716 399 2781 Animalium
419 2716 569 2781 interiores
592 2715 733 2803 regressus
749 2736 783 2779 ea
799 2721 895 2797 alere,

10 2806 13 2829 ¹
96 2802 251 2881 sitimque
268 2816 377 2862 eorum
390 2802 465 2862 tueri
476 2799 570 2878 possit.
594 2798 805 2882 Quamobrem
820 2802 898 2866 dum

98 2884 211 2947 laborat
227 2883 321 2961 cutis,
342 2883 493 2964 reliquum
506 2886 596 2947 etiam
611 2898 714 2949 toturn
730 2903 838 2966 corpus
860 2906 898 2945 ae-

97 2978 218 3049 putat,
248 2964 334 3047 quod
356 2966 387 3029 ln
410 2969 522 3031 morbis
538 2968 613 3116 egris
630 2988 748 3034 cernere
763 2967 810 3030 est.
826 2965 898 3108 TSi·

596 3069 614 3114 2
791 3068 833 3113 mr
846 3063 899 3110 lter
