1928 3510
73 118 156 205 -156
191 110 222 183 P
245 130 274 181 n
301 132 330 182 u
354 126 412 185 sn
436 136 460 185 e
484 132 524 205 ne
548 113 768 209 ·L12.„,1v.

123 200 173 267 28.
186 240 189 245 ·
201 202 260 269 His
280 206 406 287 pontis,
432 206 521 289 facile
538 206 579 271 est
597 208 754 275 inteilediu
772 212 873 277 adrem

79 288 213 351 tremulo
229 300 321 353 motu
334 288 453 370 adium,
475 290 633 363 mvitatem
649 304 803 357 externam
821 316 875 359 au·

78 368 266 455 risinfluere‚
286 366 593 453 iteratii‘quefluffibus
599 372 876 456 Tympanumver·

70 450 196 529 betam·
216 472 281 535 quo
296 466 475 535 conunoto,
496 454 638 539 officula,
653 476 720 537 quae
734 458 875 537 diximus,

79 534 158 599 intra
196 554 363 618 ympanum
375 552 628 619 commoventur,
649 540 875 625 agitauisquefi·

77 616 191 681 militer
203 620 254 683 air
267 618 370 701 Antio
383 620 539 701 inclusus,
561 624 702 685 nervulos
718 624 749 685 in
764 626 874 687 cavita-

78 700 158 763 tibus
174 703 297 767 latentes
313 708 474 783 concunt3
498 717 590 799 utque
611 724 650 767 eo
669 703 814 768 concuss'u
834 706 873 769 ad

77 784 236 847 cerebrum
248 788 454 863 perveniente,
483 798 624 847 excitatur
638 783 793 851 iri-Mente
807 786 875 849 sen-

75 863 152 926 satio
166 864 289 926 sonitus.
332 866 391 927 Pro
408 862 511 927 monis
526 867 797 942 autemceleritate,
819 886 873 929 ve-

79 944 286 1022 hementibque
306 945 335 1007 br
354 946 439 1006 variis
453 944 525 1005 a'e'ris
541 944 798 1024 dispofitionibus,
820 967 873 1012 va-

78 1025 192 1088 riantur
208 1023 282 1087 soni.

26 1116 29 1121 “
123 1127 171 1189 29.
194 1105 283 1170 Circa
296 1104 429 1169 sonitum
444 1104 548 1167 fimilia
561 1101 681 1183 poffunt
696 1112 823 1188 proponi
839 1114 873 1175 iis

78 1209 145 1269 quae
160 1188 198 1251 de
212 1188 287 1251 Visu
302 1201 370 1250 ante
386 1186 465 1251 dida
477 1187 562 1264 sunt,
584 1188 661 1249 circa
674 1208 787 1254 nexum
801 1212 871 1255 mo-

76 1285 167 1333 tuum
180 1271 289 1335 cerebri
303 1269 333 1332 dt
348 1269 526 1333 sensationes
537 1271 691 1333 variorum
705 1272 871 1352 sonituum3

75 1350 187 1432 judicia
202 1373 269 1434 quae
285 1353 407 1417 fen'mus
426 1354 465 1416 de
486 1352 576 1415 causis
596 1350 710 1417 soninis
730 1359 872 1435 extemis,

78 1437 194 1515 aliique
209 1436 366 1518 ejusmodi.
405 1434 465 1499 Sed
480 1433 553 1497 cum
566 1454 602 1497 ex
617 1435 721 1499 iisdem
727 1442 873 1518 principiis

79 1518 156 1585 solvi
170 1517 294 1601 poffint,
313 1538 377 1582 non
393 1517 433 1581 est
450 1515 564 1580 necesse
576 1515 702 1597 amplius
718 1520 874 1583 iisimmo-

80 1621 192 1665 remur.

125 1698 175 1763 30.
203 1683 355 1748 Auditum
370 1684 507 1766 sequetur
523 1680 664 1761 offacias.
704 1679 805 1763 Hujus
825 1701 875 1744 or-

79 1783 195 1851 ganum
213 1765 281 1827 sunt
295 1766 411 1847 Nares,
433 1782 483 1830 aut
500 1766 598 1846 potiris
612 1786 647 1827 ea
661 1784 725 1844 pars
740 1768 874 1845 narium,

104 1867 146 1908 uae
154 1849 283 1909 nervulis
292 1868 341 1927 per
350 1847 396 1911 Os
405 1846 788 1912 cribrosumtranseuntibus
799 1866 874 1907 con·

78 1932 91 1990 1
118 1943 164 1991 ata
179 1928 219 1990 est
234 1976 244 2008 ,
267 1930 304 1992 de
319 1950 378 2011 qua
394 1932 522 1994 diximus
536 1926 673 2007 Cup.V1.
688 1925 753 2005 §.n
794 1926 872 1988 Haec

78 2030 153 2093 ergo
178 2031 242 2091 pars
273 2013 454 2091 corpusculis
481 2031 516 2074 ex
542 2009 672 2073 odoratis
701 2010 875 2085 corporibus

78 2097 261 2159 elabentibus
278 2142 288 2174 ,
316 2095 416 2158 &uui
433 2114 505 2156 cum
519 2091 618 2169 spiritu
635 2091 665 2149 in
682 2108 765 2150 nares
780 2091 876 2153 addu-

80 2175 158 2258 ebs,
188 2180 351 2264 pungitur,
380 2178 411 2239 ὅ(
434 2174 556 2255 quidem
575 2168 655 2233 varii
673 2187 729 2248 pro
751 2175 875 2235 varieta-

79 2273 110 2322 te
129 2261 263 2325 odorum
279 2282 289 2338 3
316 2279 379 2339 quo
400 2258 434 2319 fit
449 2269 482 2318 ut
497 2254 580 2315 nervi
599 2254 774 2331 commoti,
801 2274 876 2319 eum

79 2357 203 2407 motum
224 2344 262 2407 ad
285 2343 438 2404 cerebrum
460 2337 601 2402 deferant.
657 2332 709 2398 De
733 2336 877 2402 odoribus

81 2422 150 2488 Lib.
160 2426 200 2503 V.
216 2428 377 2503 dicemus,
406 2422 456 2485 ubi
481 2418 671 2483 ostendemus
694 2418 726 2480 in
749 2437 877 2499 corpore

81 2509 209 2573 odorato
224 2508 378 2591 particulas
393 2503 450 2569 effe
465 2551 475 2583 ,
503 2522 570 2585 quae
584 2501 686 2581 elapsae
701 2518 786 2563 nares
809 2503 877 2568 sub-

82 2606 162 2655 eunt.

79 2665 876 2826 ,singidunum{inuniri-inii

80 2849 132 2911 par
146 2851 308 2895 nervorum
325 2854 334 2908 ;
368 2852 434 2910 quae
456 2832 591 2891 ramulos
610 2832 686 2893 inter
700 2829 824 2913 Linguae
841 2830 876 2890 fi-

81 2916 144 2979 bras
160 2914 315 2995 spargunt,
336 2912 530 2995 defindutque
538 2912 572 2977 in
579 2911 707 3002 papillas
715 2911 875 3057 quasdlum,

832 3013 876 3058 ln-
